2232 3714
193 245 249 311 162
393 251 596 313 EPODON
634 248 791 310 LIBER.

191 379 278 457 Jubel
291 379 442 457 sepulchris
458 379 603 457 caprificos
615 387 718 452 erutas,

231 483 319 561 Jubet
331 483 471 559 cupressus
483 483 624 553 funebres,

193 586 231 643 Et
244 585 328 644 uuila
342 586 430 662 turpis
441 605 494 644 ova
507 605 582 644 ranae
593 583 739 663 sanguine,

231 687 417 764 Plumamque
430 689 574 748 noeturnae
587 689 686 767 strigis,

193 792 369 867 Herbasque‚
387 812 459 869 ,quas
471 794 561 852 loloos
574 803 659 870 atque
672 792 764 852 Iberia

233 894 339 966 Mittit,
359 914 533 954 venenorum
546 898 634 967 ferax,

194 999 233 1057 Et
245 997 300 1056 offa
313 1000 350 1056 ab
363 1017 411 1055 ore
423 1006 502 1075 rapta
511 996 616 1075 jejunae
626 997 712 1068 canis,

234 1101 368 1159 Flammis
381 1100 461 1158 aduri
474 1101 624 1159 Colchicis.

194 1204 238 1262 At
251 1193 381 1281 expedite
395 1203 513 1280 Sagana,
532 1218 584 1279 per
593 1211 683 1260 totam
696 1203 814 1263 domum

234 1305 371 1385 spargens
384 1305 537 1363 Avernales
550 1323 645 1381 aquas,

196 1409 302 1468 Horret
314 1406 431 1486 capillis,
450 1406 630 1479 ulmetium,
651 1406 761 1484 asperis,

236 1513 370 1584 Echinus,
391 1519 441 1570 aut
453 1531 566 1570 cuneus
578 1531 653 1588 aper.

197 1615 309 1676 Aba&
321 1613 400 1674 nulli
412 1613 485 1673 Veia
498 1614 678 1686 conscientil,'
773 1635 775 1640 ·
839 1621 844 1636 '

237 1719 393 1797 Ligonibus
406 1717 482 1776 duris
494 1717 616 1775 humum

198 1821 398 1892 Exhauriebau
417 1821 565 1897 ingemens
576 1819 730 1892 laboribus3

238 1927 307 1984 Quo
319 1923 408 2001 posset
419 1922 535 1980 infossus
547 1941 617 1999 puer

199 2029 301 2105 Longo
313 2027 359 2086 die
372 2025 414 2084 bis
426 2034 526 2102 terque
538 2032 656 2084 mutatae
666 2025 746 2103 dapis

238 2129 362 2189 Inemori
374 2128 544 2206 spellaculm

200 2234 277 2295 Cum
288 2231 460 2310 promineret
471 2249 528 2301 ore,
549 2238 689 2306 quantum
701 2230 809 2290 exstant
822 2231 896 2310 aqui

239 2335 374 2412 Suspensa
387 2341 484 2392 mento
496 2351 625 2410 corpora:

200 2439 300 2499 Exestn
312 2437 357 2494 uti
368 2436 501 2507 medulla,
521 2445 550 2494 et
563 2435 672 2494 aridum
678 2435 759 2513 jecur

239 2541 355 2601 Amoris
366 2539 433 2598 esset
443 2539 590 2616 pocullum

201 2644 389 2704 Interminato
401 2661 467 2699 cum
480 2641 564 2701 semel
578 2641 643 2700 fixae
655 2641 721 2702 cibo

239 2745 426 2805 Intabuissent
437 2744 560 2821 pupulae.

200 2849 271 2907 Non
284 2847 401 2906 defuisse
412 2847 542 2904 masculae
555 2846 681 2906 libidinis

240 2948 451 3008 Ariminensem
464 2949 580 3020 Foliam,

202 3051 240 3112 Et
251 3051 339 3111 otiosa
351 3050 470 3110 eredidit
481 3051 514 3110 N
514 3051 630 3128 capolis,·

242 3155 280 3212 Et
292 3173 377 3214 omne
388 3152 514 3216 vicinum
526 3155 677 3234 oppidum:
