2250 3698
367 277 470 342 ΗΒ..
493 283 547 341 ΙΙΙ.
586 283 624 341 iv.

88 403 141 468 ate
155 407 289 468 fabulosae
301 409 425 467 vntum
437 409 468 466 in
481 396 606 487 Appuo,

87 511 205 572 Altricis
218 522 297 570 extra
311 513 399 569 limen
412 513 536 590 Apuliae,

127 616 209 672 Ludo
223 614 433 690 fatigatumque
446 613 553 684 somno,

165 718 277 777 Fronde
290 718 363 775 nova
376 735 495 794 puerum
507 719 653 796 palumbes

90 923 214 994 Texere;
236 920 342 979 mirum
355 923 431 998 quod
444 921 518 980 foret
530 923 672 999 omnibus,

92 1025 267 1100 Quicunque
280 1023 360 1082 celsae
374 1025 474 1082 nidum
486 1025 679 1096 Acherontiae,

126 1127 278 1202 Saltusque
292 1126 435 1197 Bantinos,
456 1135 486 1184 et
499 1147 598 1189 arvum

168 1229 392 1308 Pinguetenent
404 1229 520 1288 humilis
533 1229 654 1304 Ferenti,

92 1435 135 1493 Ut
147 1441 212 1492 tuto
225 1434 260 1491 ab
273 1431 340 1491 atris
352 1451 466 1511 corpore
478 1433 579 1513 vipen'a

92 1537 264 1606 Dormitum,
286 1545 316 1593 et
329 1537 409 1594 urfis:
431 1547 464 1594 ut
477 1553 618 1614 premerer
630 1537 706 1597 sacri

130 1641 290 1713 Letumque,
311 1638 469 1714 collataque
482 1647 587 1714 myrto,

168 1740 240 1798 Non
253 1739 311 1798 fine
324 1739 366 1798 dtu
378 1727 519 1798 animbsua
532 1740 635 1799 infans.

94 1944 199 2016 Vester,
221 1943 376 2012 Camoenae,
396 1943 485 2001 vester
499 1943 530 2000 in
544 1945 645 2003 arduos

93 2048 190 2106 Tollor
205 2045 335 2115 Sabinos3
357 2045 405 2102 seu
417 2045 489 2102 mihi
503 2045 642 2123 frigidum

130 2149 276 2217 Praeneste,
298 2147 346 2204 seu
358 2147 449 2204 Tibur
462 2147 608 2224 supinum,
733 2219 735 2228 y

171 2253 226 2311 Seu
241 2249 359 2326 liquidae
372 2251 501 2326 placuere
514 2249 598 2307 Baiae.

95 2456 197 2516 Vestn‘s
212 2453 336 2512 amicum
350 2452 484 2522 fontibus,
506 2462 535 2510 et
547 2453 647 2526 ahons,

95 2560 161 2617 Non
176 2577 223 2616 me
237 2554 372 2632 Philippis
386 2555 461 2612 versa
475 2555 548 2613 acies
560 2565 644 2628 retro,
668 2585 670 2590 ·

131 2663 243 2720 Devota
258 2677 316 2714 non
327 2657 450 2716 extinxit
464 2661 553 2728 arbor,

170 2763 237 2829 Nec
248 2759 341 2818 sicula
355 2759 501 2818 Palinurus
513 2757 599 2822 unda.

32 2943 33 2966 Χ
97 2968 252 3041 Utcunque
265 2982 379 3022 mecum
392 2963 538 3034 veneritis,
559 2963 649 3026 libens

98 3069 289 3128 Insanientem
300 3066 396 3129 navita
409 3065 565 3143 Bosporum
