2250 3698
144 214 194 276 viii
358 237 492 278 nostru
515 239 622 278 norun
643 231 728 278 sunni

143 379 162 406 “
175 393 232 430 non
255 375 346 432 deest:
375 375 471 454 itaque
492 377 589 436 licebit
607 378 638 434 in
656 375 805 434 sextariolo
823 371 940 434 scribas}

57 529 61 534 -
143 506 162 533 “
175 518 265 576 quum
282 503 414 562 circuitus
427 505 579 563 voluminis
594 505 636 562 tui
648 507 682 562 fit
696 500 885 574 asistamus,
907 505 942 560 sl*

142 635 159 664 “
174 639 223 686 cut
239 631 279 688 est
291 633 441 690 ventriculi
462 633 529 690 tui.'’
569 634 618 690 Ad
632 653 675 689 res
688 650 820 690 venereas
836 629 942 687 intem*

140 757 284 834 perantior
298 759 427 816 traditur.
460 759 543 816 Vixit
563 760 720 835 plurimum
733 758 763 815 in
777 757 881 838 seceffu
892 777 941 816 ru-

140 885 177 942 ris
190 885 232 942 sui
247 885 352 956 Sabini,
367 896 416 944 aut
425 886 588 944 Tiburtini:
611 887 767 962 domusque
780 883 839 960 ejus
850 885 943 942 osten-⁴

139 1014 216 1073 ditur
237 1015 311 1072 circa
329 1014 451 1072 Tiburni
478 1015 615 1072 luculum.
656 1015 805 1070 Venerunt
824 1012 855 1068 in
879 1032 941 1070 ma·

140 1159 192 1198 nus
206 1160 282 1198 meas
296 1149 324 1197 et
337 1140 420 1216 Elegi
433 1141 485 1197 sub
499 1141 583 1198 titulo
595 1139 663 1216 ejus,
681 1149 711 1196 et
723 1138 847 1215 Epistola
859 1139 940 1215 prosit

139 1268 273 1340 oratione,
299 1271 376 1344 quasi
399 1238 624 1326 coinmendantis
645 1269 674 1326 se
694 1268 861 1326 Maecenati:
892 1268 940 1325 sed

139 1404 260 1470 utraque
279 1395 347 1452 falsa
367 1404 447 1471 putu.
487 1396 567 1452 Nam
580 1395 654 1472 elegi
666 1397 804 1472 vulgares,
825 1396 939 1474 epistola

138 1522 226 1580 etiam
239 1522 369 1592 obscura,
393 1540 451 1596 quo
463 1521 534 1578 vitio
551 1521 671 1579 minime
684 1525 840 1580 tenebatur.
875 1523 937 1580 Na-

139 1657 184 1708 tus
197 1649 236 1707 est
253 1648 332 1705 sexto
346 1649 413 1708 Idus
430 1648 609 1718 Decembres,
631 1648 720 1705 Lucio
731 1649 818 1706 cont
836 1657 866 1705 et
880 1650 938 1705 Lu·

138 1775 183 1833 cio
195 1777 341 1851 Torquato
355 1773 524 1832 consulibus,
557 1775 682 1831 Deceffit
695 1774 796 1849 quinto
809 1775 940 1832 calendas

138 1905 319 1974 Decembres,
334 1901 404 1960 Caio
418 1899 530 1958 Marcio
544 1901 699 1958 Censorino
711 1911 742 1958 et
755 1901 825 1960 Caio
838 1901 938 1959 Asinio

138 2030 221 2088 Gallo
235 2029 403 2100 consulibus,
425 2029 486 2104 post
500 2047 610 2086 nonum
623 2036 652 2086 et
672 2027 938 2105 quinquagesimum

139 2177 255 2228 annum,
267 2155 517 2232 haeredeAugusto
528 2156 623 2232 palam
636 2164 815 2231 nuncupato:
838 2175 937 2231 quum,

139 2293 259 2364 urgente
272 2285 301 2342 vi
313 2281 490 2353 valetudinis,
511 2301 569 2338 non
585 2280 726 2338 sufficeret
738 2282 774 2338 ad
787 2283 938 2359 obsignan-

140 2416 189 2473 das
209 2411 369 2471 testamenti
387 2410 503 2468 tabulas.
544 2409 692 2500 Humatus
701 2419 731 2466 et
748 2409 878 2469 conditus
898 2413 938 2469 est

140 2541 273 2602 extremis
286 2537 425 2615 Esquiliis,
441 2535 525 2614 juxta
538 2537 704 2595 Maecenatis
717 2538 869 2596 tumulum.
