2232 3714
313 267 530 327 EPODON
568 269 733 328 LIBER.
873 273 927 339 173

126 389 157 450 0
169 409 224 469 ego
235 412 293 451 non
304 394 383 465 felix,
404 414 491 471 quam
504 403 534 452 tu
548 395 632 472 fugis,
653 405 686 453 ut
698 403 782 473 pavet
792 413 867 454 aeres

207 496 294 576 Agna
305 497 395 574 lupos,
415 515 577 576 capreaeque
587 498 691 557 leones.

414 829 442 887 Ο
455 829 522 888 DE
560 829 644 890 XIII.

427 1023 469 1062 Ab
491 1024 629 1064 AMICUM.

128 1210 283 1269 Honnsnn
296 1211 442 1286 tempestas
453 1210 558 1267 eoelum
569 1211 718 1280 contraxit,
732 1221 760 1270 et
773 1212 876 1272 imbres

168 1312 313 1389 Nivesque
334 1313 478 1370 deducunt
493 1314 607 1390 Jovem:
637 1332 713 1370 nunc
735 1335 822 1388 mare,
848 1338 924 1376 nunc
1013 1345 1016 1354 ·

284 1415 368 1492 syltae

127 1517 262 1578 Threicio
273 1516 418 1594 Aquilone
430 1517 544 1575 sonant:
565 1518 714 1595 rapiamus,
735 1523 833 1594 amice,

170 1622 354 1681 Occafionem
366 1621 401 1678 de
414 1620 474 1691 die;
495 1622 621 1697 dumque
632 1622 723 1680 virent
737 1643 838 1701 genua,

45 1718 52 1732 ’
130 1726 168 1784 Et
180 1725 271 1794 decet,
290 1723 412 1781 obducti
423 1722 546 1780 solvatur
555 1724 649 1781 fronte
661 1725 795 1784 tenedus.

102 1817 115 1840 '‘
168 1827 216 1884 Tu
228 1828 293 1883 vina
305 1825 451 1900 Torquato
464 1844 546 1882 move
559 1825 672 1885 consule
684 1829 772 1904 prelia
784 1849 857 1889 meu.

130 1930 241 1986 Caetera
252 1927 336 1986 mitte
347 1926 439 2002 loqui:
461 1927 530 1984 deus
541 1925 603 1984 haec
615 1928 727 1988 fortaffe
738 1931 863 2008 benignd
879 1923 881 1928 ¹

170 2032 297 2091 Reducet
308 2030 340 2088 in
351 2029 446 2087 sedem
457 2029 528 2087 vice.
567 2030 655 2088 Nunc
667 2041 696 2089 et
709 2033 894 2093 Achaemenio

132 2135 267 2195 Perfundi
280 2135 366 2192 nardo
375 2131 465 2210 juvat,
486 2143 515 2192 et
528 2134 584 2191 fide
597 2135 733 2211 Cyllenea

172 2241 278 2297 Levare
289 2237 365 2295 duris
377 2237 490 2312 potiora
502 2235 733 2295 solicitudinibus.

132 2341 246 2402 Nobilis
257 2349 291 2398 ut
304 2338 404 2417 grandi
416 2337 520 2396 cecinit
531 2339 690 2397 Centaurus
702 2341 830 2400 alumno:
922 2351 931 2362 ⁴

171 2443 281 2503 Inviete
293 2440 428 2512 mortalis,
447 2441 500 2498 dea
513 2450 579 2498 nate
590 2460 660 2518 puer
671 2443 802 2514 Thetide,

132 2549 177 2607 Te
189 2554 286 2605 manet
299 2543 423 2607 Alsaraci
436 2543 527 2614 tellus,
548 2563 634 2620 quam
645 2544 748 2620 frigida
759 2547 838 2622 parvi

173 2649 300 2706 Findunt
313 2646 474 2704 Scamandri
487 2646 615 2717 flumina,
636 2647 759 2706 lubricus
771 2659 801 2707 et
811 2649 927 2722 Simoin

134 2754 222 2812 Unde
235 2750 288 2808 tibi
300 2749 424 2808 reditum
436 2757 512 2806 certo
524 2749 682 2806 subtemine
695 2752 787 2808 Pareae

175 2857 299 2930 Rupere3
321 2872 373 2910 nec
386 2861 476 2910 mater
488 2853 606 2909 domum
619 2853 721 2910 coerula
734 2862 762 2910 te
773 2854 896 2914 revehet.

122 2941 124 2948 ,
136 2959 199 3016 Illic
213 2975 297 3014 omne
307 2956 414 3013 malum
427 2954 495 3013 vino
506 2963 648 3030 cantuque
659 2955 751 3012 levato

177 3058 321 3118 Deformis
333 3056 513 3135 aegrimoniae,
534 3066 562 3115 et
573 3056 701 3117 dulcibus
713 3057 852 3136 alloquii&
926 3061 933 3076 ‘
