2250 3698
377 256 475 315 LIB.
505 255 559 312 III.
597 255 637 312 iv.

103 383 157 440 Sed
170 382 240 458 quid
251 382 408 458 Typhoeus,
429 390 459 439 et
470 381 578 439 validus
591 380 706 452 Mimas,

103 485 165 542 Aut
177 485 247 560 quid
258 484 365 542 minaci
378 484 552 560 Porphyrion
567 482 648 553 statu,

14 585 18 596 '
142 587 224 645 Ouid
237 587 366 658 Rhoetus,
387 585 542 660 evulsuque
555 582 662 641 truncis

179 689 339 747 Enceladus
347 687 486 765 jaculator
497 687 599 758 audax,

105 893 211 949 Contra
222 892 369 950 sonantem
382 892 501 950 Palladis
513 891 605 968 aegida

104 995 213 1080 Poffent
226 997 355 1052 ruentes?
378 995 455 1052 Hinc
469 994 566 1052 avidus
580 991 655 1050 stetit

140 1097 287 1154 Vulcanus
292 1122 301 1166 5
323 1096 390 1154 hinc
401 1104 530 1153 matrona
543 1097 633 1171 Jun03
655 1102 685 1152 et

178 1199 341 1274 Nunquam
351 1197 476 1256 humeris
488 1197 627 1276 pofitums
640 1215 744 1266 arcum,

103 1401 164 1460 Qui
177 1422 240 1460 rore
252 1422 323 1479 puro
334 1402 461 1460 Castaliae
471 1401 541 1458 lavit

102 1505 200 1562 Crines
215 1505 327 1574 solutos,
349 1504 399 1579 qui
411 1503 506 1579 Lyciae
520 1511 598 1560 tenet

139 1607 267 1664 Dumeta
281 1607 460 1683 natalemque
473 1604 580 1673 stivam,

178 1709 279 1767 Delius
292 1719 321 1766 et
336 1711 465 1766 Patareus
478 1705 592 1782 Apollo.

100 1912 151 1969 Vis
165 1912 262 1970 consili
276 1931 375 1987 expers
387 1912 462 1968 mole
475 1910 532 1968 ruit
546 1910 608 1967 suar

100 2015 169 2072 Vim
183 2024 371 2090 temperatam
383 2015 411 2070 dt
424 2031 537 2088 quoque
549 2011 710 2088 provehunt

137 2119 174 2175 In
187 2115 292 2192 majus3
313 2117 391 2172 idem
405 2116 490 2171 odere
504 2114 574 2170 vires

177 2219 275 2276 Omne
288 2216 367 2274 nefas
379 2216 475 2274 animo
487 2226 641 2274 moventes.

96 2422 187 2480 Testis
200 2440 331 2478 mearum
343 2419 520 2477 centimanus
533 2420 628 2495 Gyges

97 2523 309 2598 Sententiarum
321 2532 413 2593 notus,
434 2532 463 2578 et
474 2522 594 2597 integrae

135 2629 278 2686 Tentatur
291 2625 381 2682 Orion
397 2624 507 2692 Dianae,

173 2727 313 2806 Virginea
326 2726 449 2786 domitus
463 2725 577 2802 sagitti.

97 2934 208 3012 Inje&a
221 2932 351 2991 monstris
364 2942 437 2989 terra
450 2930 525 2988 dolet
538 2927 607 2998 suis;

94 3038 263 3114 Moeretque
274 3046 372 3112 partus
383 3033 505 3092 fulmine
517 3031 643 3090 luridum
