2250 3698
258 251 262 256 ’
390 257 503 324 ,LIB.
529 259 569 318 II.
608 258 667 320 xix.

173 383 309 441 ,Laetatuu
349 379 442 442 Euoe!
463 403 546 460 parce
561 385 660 458 Liber3

213 487 307 556 Parce,
329 485 408 562 gravi
419 488 573 546 metuende
584 487 688 566 thyrso.
816 547 817 552 ,

134 691 188 749 Fas
200 689 360 766 pervicaces
371 691 411 750 est
423 691 496 750 mihi
507 693 650 770 Thyades,

133 794 261 870 Vinique
273 795 393 866 fontem,
413 795 492 854 laetis
504 805 534 854 et
547 799 646 855 uberes

173 899 297 958 Cantare
307 898 389 969 rivos,
411 908 497 976 atque
510 900 618 958 trunciu

212 1000 304 1077 Lapsa
315 999 390 1060 cavis
401 1000 502 1060 iterare
514 1003 609 1060 mella.

134 1205 188 1264 Fas
200 1211 230 1263 et
242 1205 333 1264 beatae
345 1204 474 1283 eonjugis
487 1205 618 1265 additum

133 1308 228 1367 stellis
241 1307 387 1378 honorem,
407 1309 538 1386 tettaque
551 1309 670 1370 Penthei

172 1409 296 1488 Disjeua
309 1429 367 1468 non
380 1410 438 1469 leni
451 1409 542 1484 ruina,

212 1512 331 1572 Thracis
342 1523 372 1572 et
382 1513 504 1574 exitium
514 1514 648 1592 Lycurgi.

120 1775 121 1778 ,
133 1719 182 1776 Tu
192 1718 282 1777 dedis
294 1736 400 1789 amnes,
421 1727 453 1778 tu
467 1733 544 1776 mare
556 1720 722 1780 barbarum:

132 1821 191 1892 Tu,
212 1821 344 1913 separatis
357 1820 458 1904 uvidus
470 1820 501 1878 in
510 1819 597 1900 jugis,

172 1923 261 1983 Nodo
272 1925 383 1982 codrces
395 1923 524 2000 viperino

212 2025 389 2084 Bistonidum
399 2026 458 2084 fine
469 2027 569 2086 fraude
580 2027 678 2088 crines.

135 2231 191 2302 Tu,
211 2227 515 2308 cumparentisregna
527 2233 710 2309 perarduum
779 2250 783 2256 ·

135 2335 243 2394 Cohors
256 2334 407 2412 gigantum
417 2333 561 2392 scanderet
571 2333 669 2420 impia,

173 2437 312 2497 Rhoetum
324 2436 454 2495 retorsisti
465 2437 555 2496 leonis

211 2539 377 2618 Unguibus,
397 2539 582 2618 horribilique
594 2538 688 2599 malda

136 2747 322 2822 Quanquam,
335 2713 443 2802 elioreis
454 2745 546 2822 aptior
557 2753 587 2804 et
595 2743 667 2822 jocis
778 2733 783 2742 ’

134 2849 275 2925 Ludoque
287 2845 388 2916 didius,
408 2867 467 2905 non
478 2847 520 2904 sat
533 2846 651 2906 idoneus

173 2953 282 3029 Pugna
295 2949 443 3022 ferebaris5
451 2996 456 3004 .
464 2949 513 3008 sed
525 2949 605 3008 idem

124 3055 130 3063 '
214 3042 701 3130 Paciaerasmediusquebelliss''
806 3069 812 3076 ·
940 3111 944 3126 ,

896 263 933 331 71
