2250 3698
410 264 515 322 LIB.
545 263 568 320 Ι.
608 261 685 320 xxiv.

123 395 220 471 Atqui
235 412 301 450 non
314 409 372 468 ego
385 398 423 461 te,
443 389 524 467 tigris
536 399 570 446 ut
581 388 676 464 aspera

123 497 296 556 Gaetulusve
307 495 364 562 leo,
385 493 516 570 frangere
527 491 687 570 persequor.

162 601 304 658 Tandem
318 595 414 652 define
424 603 547 652 matrem

205 697 397 775 Tempestiva
408 696 487 772 sequi
501 696 571 755 viro,

422 971 522 1030 ODE
548 975 657 1032 XXIV.

414 1149 455 1186 AD
480 1148 665 1186 VIRGILIUM.

134 1309 218 1364 Qum
233 1306 375 1364 defiderio
388 1309 421 1366 fit
434 1310 526 1386 pudor
538 1317 588 1366 aut
599 1309 699 1370 modus

134 1410 209 1466 Tam
222 1409 281 1466 cari
295 1411 414 1485 capitis?
438 1411 560 1488 Praecipe
572 1411 706 1486 lugubres

137 1513 254 1583 Cantus,
277 1512 475 1588 Melpomene3
497 1515 543 1572 cui
555 1514 695 1589 liquidam
705 1522 784 1588 pater

215 1616 328 1673 Vocem
340 1634 407 1674 cum
420 1615 528 1673 cithara
540 1615 628 1674 dedit.

140 1819 215 1895 Ergo
229 1820 423 1880 Quindilium
434 1831 587 1898 perpetuus
599 1819 680 1895 sopor

140 1921 268 1996 Urguet!
291 1923 338 1979 cui
352 1925 452 1993 Pudor,
472 1933 503 1980 et
515 1923 634 1999 Justitiae
644 1922 719 1980 soror

141 2025 306 2100 Inconupta
318 2026 407 2096 Fides,
429 2027 561 2100 nudaque
574 2024 685 2082 Veritas

220 2128 345 2184 Quando
355 2128 448 2185 ullum
460 2125 586 2184 inveniet
598 2127 712 2204 parem?

143 2329 245 2390 Multis
258 2332 306 2390 ille
316 2334 398 2390 bonis
410 2331 512 2390 flebilis
528 2330 632 2389 occidit
639 2355 647 2400 ς

143 2435 226 2492 Nulli
239 2435 360 2492 flebilior
372 2454 460 2510 quam
471 2434 533 2505 tibi,
547 2432 660 2509 virgili.

142 2539 188 2595 Tu
199 2538 300 2594 frustra
311 2537 383 2612 pide,
404 2538 474 2594 heu!
497 2555 555 2592 non
568 2534 609 2592 ita
622 2533 772 2606 creditum,

220 2638 311 2696 Poscis
325 2638 518 2696 Quinffilium
529 2639 603 2695 deos.

145 2845 241 2902 Quid?
263 2845 285 2901 s1
297 2843 428 2903 Threicio
441 2843 571 2902 blandius
583 2841 700 2919 inheo

143 2948 284 3006 Auditam
296 2949 439 3006 moderere
451 2944 594 3005 arboribus
603 2939 705 3015 fidem5

144 3051 176 3110 N
178 3070 215 3109 on
227 3069 307 3107 vanae
317 3051 413 3108 redeat
425 3048 538 3126 sanguis
550 3047 680 3125 imagini,

224 3152 411 3230 Quamvirge
424 3151 509 3210 semel
523 3151 643 3221 horride,
707 3204 711 3210 .
793 3205 796 3210 .

903 265 943 328 29
