2250 3698
190 293 238 357 ‘86
423 295 729 367 CARMINUM,

456 509 579 568 .ODE
602 509 710 568 XXXI.

470 684 511 722 AD
534 685 726 724 APOLLINEM.

201 833 293 891 Qum
307 830 468 890 dedicatum
480 833 570 909 poscit
582 832 749 909 Apollinem

201 936 304 994 Vates?
326 935 396 1010 quid
408 937 478 1005 orat,
498 936 534 993 de
548 935 645 1012 patere
658 951 765 994 novum

240 1038 372 1096 Fundens
383 1028 540 1112 liquorem?
561 1037 631 1096 Non
644 1036 752 1113 opimas

281 1139 416 1198 Sardiniae
426 1139 532 1218 segetes
543 1139 641 1198 feracis
646 1164 655 1211 ;
686 1183 689 1188 -

203 1345 273 1406 Non
286 1345 407 1404 aestuosae
420 1352 499 1422 grata
512 1337 650 1405 Calabriae

203 1447 357 1518 Armenta3
379 1466 436 1505 non
451 1467 559 1520 aurum,
580 1456 630 1506 aut
642 1449 712 1506 ebur
723 1443 868 1516 Indicum

242 1549 313 1608 Non
326 1567 399 1620 ntra,
420 1569 484 1626 quae
495 1549 567 1608 Liris
580 1549 677 1626 quiete

281 1652 398 1711 Mordet
408 1652 482 1728 aqua
492 1652 649 1712 taciturnus
662 1651 760 1711 amnis.

205 1859 338 1918 Fremant
350 1855 488 1914 Calenam
500 1856 581 1926 falce,
602 1854 704 1930 quibus
717 1853 796 1912 dedit

206 1960 338 2030 Fortuna,
359 1956 462 2028 vitcm3
483 1955 560 2014 dives
573 1964 603 2013 et
616 1955 706 2014 aureis

246 2062 391 2120 Mercator
402 2058 521 2117 cxficcet
534 2057 646 2116 culullis

285 2161 362 2220 Vina
376 2159 445 2239 Syre
457 2169 584 2237 reparata
596 2177 699 2232 merce,

209 2367 261 2430 Dos
274 2385 353 2425 carus
365 2364 444 2443 ipfis;
466 2363 571 2442 quippe
583 2371 627 2422 ter
639 2372 669 2422 et
680 2371 781 2439 quater

209 2471 297 2530 Anno
309 2468 429 2528 revisens
442 2486 538 2545 aequor
549 2465 754 2526 Atlanticum-
848 2497 852 2504 ·

177 2627 179 2634 .
249 2573 380 2650 Impune.
419 2570 474 2628 Me
483 2569 599 2646 pescant
610 2566 701 2638 olivae,

287 2675 341 2734 Me
353 2672 481 2732 cichorea
493 2663 623 2748 levesque
634 2669 744 2730 melvae.

168 2885 171 2893 ⁴
211 2879 279 2940 Frui
291 2877 394 2955 paratis
406 2885 436 2936 et
447 2876 541 2935 valido
554 2873 627 2934 mihi

213 2983 302 3042 Latoe
314 2981 412 3050 donec*
422 2986 461 3050 et,
474 2996 580 3056 precor,
593 2977 706 3054 integre

253 3085 330 3165 Cum
341 3088 451 3138 mente:
473 3099 526 3138 nec
538 3088 652 3157 turpem
661 3077 803 3138 senectam

290 3184 412 3262 Degere,
432 3199 485 3241 nec
495 3179 767 3246 cithartcareutem.
816 3219 819 3224 -
