<?xml version="1.0" encoding="UTF-8"?>
<!DOCTYPE html PUBLIC "-//W3C//DTD XHTML 1.0 Transitional//EN"
    "http://www.w3.org/TR/xhtml1/DTD/xhtml1-transitional.dtd">
<html xmlns="http://www.w3.org/1999/xhtml" xml:lang="en" lang="en">
 <head>
  <title>
</title>
<meta http-equiv="Content-Type" content="text/html;charset=utf-8" />
  <meta name='ocr-system' content='tesseract 3.04.00' />
  <meta name='ocr-capabilities' content='ocr_page ocr_carea ocr_par ocr_line ocrx_word'/>
</head>
<body>
  <div class='ocr_page' id='page_1' title='image "./qhoratiiflacci00horagoog_0169.png"; bbox 0 0 2232 3714; ppageno 0'>
   <div class='ocr_carea' id='block_1_1' title="bbox 168 233 699 307">
    <p class='ocr_par' dir='ltr' id='par_1_1' title="bbox 168 233 699 307">
     <span class='ocr_line' id='line_1_1' title="bbox 168 233 699 307; baseline 0.015 -21"><span class='ocrx_word' id='word_1_1' title='bbox 168 238 223 287; x_wconf 78' lang='lat'>152</span> <span class='ocrx_word' id='word_1_2' title='bbox 390 233 699 307; x_wconf 85' lang='lat' dir='ltr'><strong>CARMINUM,</strong></span> 
     </span>
    </p>
   </div>
   <div class='ocr_carea' id='block_1_2' title="bbox 203 356 808 535">
    <p class='ocr_par' dir='ltr' id='par_1_2' title="bbox 203 356 808 535">
     <span class='ocr_line' id='line_1_2' title="bbox 203 356 808 452; baseline 0.012 -40"><span class='ocrx_word' id='word_1_3' title='bbox 203 356 252 413; x_wconf 90' lang='lat' dir='ltr'>Ne</span> <span class='ocrx_word' id='word_1_4' title='bbox 264 375 349 432; x_wconf 87' lang='lat' dir='ltr'>parva</span> <span class='ocrx_word' id='word_1_5' title='bbox 361 359 717 438; x_wconf 80' lang='lat' dir='ltr'>Tyrrhenumperaequor</span> <span class='ocrx_word' id='word_1_6' title='bbox 745 448 749 452; x_wconf 16' lang='grc' dir='ltr'><em>ῃ</em></span> <span class='ocrx_word' id='word_1_7' title='bbox 790 377 808 434; x_wconf 28' lang='grc' dir='ltr'>Ι·</span> 
     </span>
     <span class='ocr_line' id='line_1_3' title="bbox 241 458 757 535; baseline 0.019 -22"><span class='ocrx_word' id='word_1_8' title='bbox 241 458 314 515; x_wconf 88' lang='lat' dir='ltr'>Vela</span> <span class='ocrx_word' id='word_1_9' title='bbox 327 461 431 520; x_wconf 84' lang='lat' dir='ltr'>darem.</span> <span class='ocrx_word' id='word_1_10' title='bbox 471 464 544 533; x_wconf 86' lang='lat' dir='ltr'>Tua,</span> <span class='ocrx_word' id='word_1_11' title='bbox 565 465 668 535; x_wconf 81' lang='lat' dir='ltr'>Caesar,</span> <span class='ocrx_word' id='word_1_12' title='bbox 689 472 757 522; x_wconf 78' lang='lat' dir='ltr'>aetas</span> 
     </span>
    </p>
   </div>
   <div class='ocr_carea' id='block_1_3' title="bbox 163 663 672 1043">
    <p class='ocr_par' dir='ltr' id='par_1_3' title="bbox 163 663 672 1043">
     <span class='ocr_line' id='line_1_4' title="bbox 163 663 641 742; baseline 0.019 -24"><span class='ocrx_word' id='word_1_13' title='bbox 163 663 270 739; x_wconf 84' lang='lat' dir='ltr'><strong>Fruges</strong></span> <span class='ocrx_word' id='word_1_14' title='bbox 282 675 311 720; x_wconf 90' lang='lat' dir='ltr'>et</span> <span class='ocrx_word' id='word_1_15' title='bbox 324 665 398 742; x_wconf 82' lang='lat' dir='ltr'>agris</span> <span class='ocrx_word' id='word_1_16' title='bbox 410 667 521 724; x_wconf 83' lang='lat' dir='ltr'>rettulit</span> <span class='ocrx_word' id='word_1_17' title='bbox 532 670 641 740; x_wconf 71' lang='lat' dir='ltr'>uberes,</span> 
     </span>
     <span class='ocr_line' id='line_1_5' title="bbox 163 765 614 846; baseline 0.016 -26"><span class='ocrx_word' id='word_1_18' title='bbox 163 765 202 821; x_wconf 88' lang='lat' dir='ltr'>Et</span> <span class='ocrx_word' id='word_1_19' title='bbox 214 766 293 842; x_wconf 85' lang='lat' dir='ltr'>figna</span> <span class='ocrx_word' id='word_1_20' title='bbox 305 768 397 825; x_wconf 88' lang='lat' dir='ltr'>nostro</span> <span class='ocrx_word' id='word_1_21' title='bbox 408 769 529 826; x_wconf 86' lang='lat' dir='ltr'>restituit</span> <span class='ocrx_word' id='word_1_22' title='bbox 540 771 614 846; x_wconf 79' lang='lat' dir='ltr'>Jovi,</span> 
     </span>
     <span class='ocr_line' id='line_1_6' title="bbox 202 870 644 948; baseline 0.011 -23"><span class='ocrx_word' id='word_1_23' title='bbox 202 870 326 944; x_wconf 82' lang='lat' dir='ltr'>Derepta</span> <span class='ocrx_word' id='word_1_24' title='bbox 339 871 507 928; x_wconf 83' lang='lat' dir='ltr'>Parthorum</span> <span class='ocrx_word' id='word_1_25' title='bbox 518 873 644 948; x_wconf 83' lang='lat' dir='ltr'>superbis</span> 
     </span>
     <span class='ocr_line' id='line_1_7' title="bbox 243 971 672 1043; baseline 0.009 -15"><span class='ocrx_word' id='word_1_26' title='bbox 243 971 376 1043; x_wconf 83' lang='lat' dir='ltr'>Postibus,</span> <span class='ocrx_word' id='word_1_27' title='bbox 396 983 426 1030; x_wconf 88' lang='lat' dir='ltr'>et</span> <span class='ocrx_word' id='word_1_28' title='bbox 436 993 559 1034; x_wconf 87' lang='lat' dir='ltr'>vacuum</span> <span class='ocrx_word' id='word_1_29' title='bbox 571 975 672 1034; x_wconf 82' lang='lat' dir='ltr'>duellis</span> 
     </span>
    </p>
   </div>
   <div class='ocr_carea' id='block_1_4' title="bbox 164 1176 812 1557">
    <p class='ocr_par' dir='ltr' id='par_1_4' title="bbox 164 1176 812 1557">
     <span class='ocr_line' id='line_1_8' title="bbox 164 1176 812 1264; baseline 0.012 -32"><span class='ocrx_word' id='word_1_30' title='bbox 164 1177 272 1254; x_wconf 88' lang='lat' dir='ltr'>Janum</span> <span class='ocrx_word' id='word_1_31' title='bbox 285 1176 402 1234; x_wconf 78' lang='lat' dir='ltr'>Quirini</span> <span class='ocrx_word' id='word_1_32' title='bbox 414 1178 522 1250; x_wconf 77' lang='lat' dir='ltr'>clausit,</span> <span class='ocrx_word' id='word_1_33' title='bbox 542 1189 571 1237; x_wconf 82' lang='lat' dir='ltr'>et</span> <span class='ocrx_word' id='word_1_34' title='bbox 584 1179 714 1264; x_wconf 77' lang='lat' dir='ltr'>ordinem</span> <span class='ocrx_word' id='word_1_35' title='bbox 809 1247 812 1252; x_wconf 53' lang='grc'>,</span> 
     </span>
     <span class='ocr_line' id='line_1_9' title="bbox 165 1279 668 1356; baseline 0.008 -22"><span class='ocrx_word' id='word_1_36' title='bbox 165 1279 287 1336; x_wconf 60' lang='lat' dir='ltr'>Remum</span> <span class='ocrx_word' id='word_1_37' title='bbox 299 1279 432 1356; x_wconf 85' lang='lat' dir='ltr'>evaganti</span> <span class='ocrx_word' id='word_1_38' title='bbox 445 1281 533 1342; x_wconf 81' lang='lat' dir='ltr'>fraeua</span> <span class='ocrx_word' id='word_1_39' title='bbox 545 1281 668 1338; x_wconf 77' lang='lat' dir='ltr'>licentiae</span> 
     </span>
     <span class='ocr_line' id='line_1_10' title="bbox 203 1381 614 1458; baseline 0 -18"><span class='ocrx_word' id='word_1_40' title='bbox 203 1381 315 1458; x_wconf 74' lang='lat' dir='ltr'>injecit,</span> <span class='ocrx_word' id='word_1_41' title='bbox 335 1381 497 1458; x_wconf 86' lang='lat' dir='ltr'>emovitque</span> <span class='ocrx_word' id='word_1_42' title='bbox 509 1383 614 1458; x_wconf 84' lang='lat' dir='ltr'>culpas,</span> 
     </span>
     <span class='ocr_line' id='line_1_11' title="bbox 242 1485 653 1557; baseline 0.01 -17"><span class='ocrx_word' id='word_1_43' title='bbox 242 1485 280 1540; x_wconf 88' lang='lat' dir='ltr'>Et</span> <span class='ocrx_word' id='word_1_44' title='bbox 290 1494 396 1541; x_wconf 87' lang='lat' dir='ltr'>veteres</span> <span class='ocrx_word' id='word_1_45' title='bbox 401 1485 550 1557; x_wconf 29' lang='lat' dir='ltr'>&#39;revocavit</span> <span class='ocrx_word' id='word_1_46' title='bbox 562 1496 653 1556; x_wconf 74' lang='lat' dir='ltr'>artes3</span> 
     </span>
    </p>
   </div>
   <div class='ocr_carea' id='block_1_5' title="bbox 166 1688 716 2072">
    <p class='ocr_par' dir='ltr' id='par_1_5' title="bbox 166 1688 701 1764">
     <span class='ocr_line' id='line_1_12' title="bbox 166 1688 701 1764; baseline 0 -16"><span class='ocrx_word' id='word_1_47' title='bbox 166 1691 218 1748; x_wconf 89' lang='lat' dir='ltr'>Per</span> <span class='ocrx_word' id='word_1_48' title='bbox 230 1708 299 1764; x_wconf 87' lang='lat' dir='ltr'>quas</span> <span class='ocrx_word' id='word_1_49' title='bbox 310 1688 448 1746; x_wconf 85' lang='lat' dir='ltr'>Latinum</span> <span class='ocrx_word' id='word_1_50' title='bbox 460 1705 565 1748; x_wconf 88' lang='lat' dir='ltr'>nomen</span> <span class='ocrx_word' id='word_1_51' title='bbox 578 1699 608 1748; x_wconf 86' lang='lat' dir='ltr'>et</span> <span class='ocrx_word' id='word_1_52' title='bbox 620 1691 701 1748; x_wconf 80' lang='lat' dir='ltr'>Italae</span> 
     </span>
    </p>

    <p class='ocr_par' dir='ltr' id='par_1_6' title="bbox 166 1789 716 2072">
     <span class='ocr_line' id='line_1_13' title="bbox 166 1789 716 1870; baseline 0.002 -21"><span class='ocrx_word' id='word_1_53' title='bbox 166 1793 286 1850; x_wconf 87' lang='lat' dir='ltr'>Crevere</span> <span class='ocrx_word' id='word_1_54' title='bbox 299 1789 370 1848; x_wconf 86' lang='lat' dir='ltr'>vires</span> <span class='ocrx_word' id='word_1_55' title='bbox 379 1815 387 1862; x_wconf 83' lang='lat'>3</span> <span class='ocrx_word' id='word_1_56' title='bbox 408 1792 551 1866; x_wconf 85' lang='lat' dir='ltr'>famaque,</span> <span class='ocrx_word' id='word_1_57' title='bbox 572 1803 602 1848; x_wconf 91' lang='lat' dir='ltr'>et</span> <span class='ocrx_word' id='word_1_58' title='bbox 613 1791 716 1870; x_wconf 78' lang='lat' dir='ltr'>imperi</span> 
     </span>
     <span class='ocr_line' id='line_1_14' title="bbox 204 1891 626 1969; baseline -0.002 -16"><span class='ocrx_word' id='word_1_59' title='bbox 204 1894 333 1954; x_wconf 65' lang='lat' dir='ltr'>Porresta</span> <span class='ocrx_word' id='word_1_60' title='bbox 345 1891 471 1969; x_wconf 84' lang='lat' dir='ltr'>majestas</span> <span class='ocrx_word' id='word_1_61' title='bbox 484 1895 626 1952; x_wconf 82' lang='lat' dir='ltr'>adortum</span> 
     </span>
     <span class='ocr_line' id='line_1_15' title="bbox 244 1995 621 2072; baseline 0 -18"><span class='ocrx_word' id='word_1_62' title='bbox 244 1995 314 2054; x_wconf 87' lang='lat' dir='ltr'>Solis</span> <span class='ocrx_word' id='word_1_63' title='bbox 327 1997 363 2054; x_wconf 83' lang='lat' dir='ltr'>ab</span> <span class='ocrx_word' id='word_1_64' title='bbox 376 1995 513 2072; x_wconf 82' lang='lat' dir='ltr'>Hesperio</span> <span class='ocrx_word' id='word_1_65' title='bbox 525 1996 621 2054; x_wconf 89' lang='lat' dir='ltr'>cubili.</span> 
     </span>
    </p>
   </div>
   <div class='ocr_carea' id='block_1_6' title="bbox 165 2199 700 2567">
    <p class='ocr_par' dir='ltr' id='par_1_7' title="bbox 165 2199 700 2567">
     <span class='ocr_line' id='line_1_16' title="bbox 166 2199 700 2270; baseline 0.004 -12"><span class='ocrx_word' id='word_1_66' title='bbox 166 2201 288 2259; x_wconf 89' lang='lat' dir='ltr'>Custode</span> <span class='ocrx_word' id='word_1_67' title='bbox 300 2219 396 2258; x_wconf 87' lang='lat' dir='ltr'>rerum</span> <span class='ocrx_word' id='word_1_68' title='bbox 409 2199 527 2270; x_wconf 73' lang='lat' dir='ltr'>Caesam,</span> <span class='ocrx_word' id='word_1_69' title='bbox 549 2219 608 2257; x_wconf 91' lang='lat' dir='ltr'>non</span> <span class='ocrx_word' id='word_1_70' title='bbox 619 2201 700 2260; x_wconf 76' lang='lat' dir='ltr'>‘furor</span> 
     </span>
     <span class='ocr_line' id='line_1_17' title="bbox 165 2301 644 2378; baseline -0.002 -18"><span class='ocrx_word' id='word_1_71' title='bbox 165 2301 274 2372; x_wconf 87' lang='lat' dir='ltr'>Civilis,</span> <span class='ocrx_word' id='word_1_72' title='bbox 294 2301 407 2372; x_wconf 77' lang='lat' dir='ltr'>amuis,</span> <span class='ocrx_word' id='word_1_73' title='bbox 427 2301 524 2378; x_wconf 78' lang='lat' dir='ltr'>exiget</span> <span class='ocrx_word' id='word_1_74' title='bbox 536 2301 629 2359; x_wconf 85' lang='lat' dir='ltr'>otium</span> <span class='ocrx_word' id='word_1_75' title='bbox 634 2327 644 2374; x_wconf 73' lang='lat'>5</span> 
     </span>
     <span class='ocr_line' id='line_1_18' title="bbox 203 2403 658 2480; baseline -0.013 -14"><span class='ocrx_word' id='word_1_76' title='bbox 203 2407 236 2466; x_wconf 96' lang='lat' dir='ltr'>N</span> <span class='ocrx_word' id='word_1_77' title='bbox 237 2426 274 2464; x_wconf 91' lang='lat' dir='ltr'>on</span> <span class='ocrx_word' id='word_1_78' title='bbox 286 2405 337 2475; x_wconf 85' lang='lat' dir='ltr'>ira,</span> <span class='ocrx_word' id='word_1_79' title='bbox 350 2424 414 2480; x_wconf 84' lang='lat' dir='ltr'>quae</span> <span class='ocrx_word' id='word_1_80' title='bbox 427 2403 557 2480; x_wconf 83' lang='lat' dir='ltr'><strong>procudit</strong></span> <span class='ocrx_word' id='word_1_81' title='bbox 569 2404 658 2474; x_wconf 81' lang='lat' dir='ltr'>enses,</span> 
     </span>
     <span class='ocr_line' id='line_1_19' title="bbox 243 2505 651 2567; baseline -0.012 0"><span class='ocrx_word' id='word_1_82' title='bbox 243 2509 282 2567; x_wconf 89' lang='lat' dir='ltr'>Et</span> <span class='ocrx_word' id='word_1_83' title='bbox 293 2507 406 2566; x_wconf 85' lang='lat' dir='ltr'>miseras</span> <span class='ocrx_word' id='word_1_84' title='bbox 419 2505 548 2564; x_wconf 82' lang='lat' dir='ltr'>inimicat</span> <span class='ocrx_word' id='word_1_85' title='bbox 560 2509 651 2564; x_wconf 85' lang='lat' dir='ltr'>urbes.</span> 
     </span>
    </p>
   </div>
   <div class='ocr_carea' id='block_1_7' title="bbox 165 2710 806 3095">
    <p class='ocr_par' dir='ltr' id='par_1_8' title="bbox 165 2710 806 3095">
     <span class='ocr_line' id='line_1_20' title="bbox 165 2710 806 2790; baseline -0.008 -16"><span class='ocrx_word' id='word_1_86' title='bbox 165 2715 245 2784; x_wconf 90' lang='lat' dir='ltr'>Non,</span> <span class='ocrx_word' id='word_1_87' title='bbox 264 2713 314 2790; x_wconf 91' lang='lat' dir='ltr'>qui</span> <span class='ocrx_word' id='word_1_88' title='bbox 327 2712 502 2788; x_wconf 84' lang='lat' dir='ltr'>profundum</span> <span class='ocrx_word' id='word_1_89' title='bbox 515 2711 682 2777; x_wconf 77' lang='lat' dir='ltr'>Danubium</span> <span class='ocrx_word' id='word_1_90' title='bbox 693 2710 806 2784; x_wconf 86' lang='lat' dir='ltr'>bibunt,</span> 
     </span>
     <span class='ocr_line' id='line_1_21' title="bbox 165 2813 696 2890; baseline -0.015 -13"><span class='ocrx_word' id='word_1_91' title='bbox 165 2817 264 2878; x_wconf 75' lang='lat' dir='ltr'>Ediua</span> <span class='ocrx_word' id='word_1_92' title='bbox 277 2822 410 2890; x_wconf 83' lang='lat' dir='ltr'>rumpent</span> <span class='ocrx_word' id='word_1_93' title='bbox 423 2813 512 2890; x_wconf 83' lang='lat' dir='ltr'>Julia3</span> <span class='ocrx_word' id='word_1_94' title='bbox 534 2831 592 2870; x_wconf 87' lang='lat' dir='ltr'>non</span> <span class='ocrx_word' id='word_1_95' title='bbox 605 2813 696 2884; x_wconf 77' lang='lat' dir='ltr'>Getae,</span> 
     </span>
     <span class='ocr_line' id='line_1_22' title="bbox 204 2893 621 2986; baseline -0.017 -8"><span class='ocrx_word' id='word_1_96' title='bbox 204 2893 274 2980; x_wconf 83' lang='lat' dir='ltr'>Non</span> <span class='ocrx_word' id='word_1_97' title='bbox 288 2917 375 2986; x_wconf 83' lang='lat' dir='ltr'>Seres,</span> <span class='ocrx_word' id='word_1_98' title='bbox 394 2915 511 2972; x_wconf 88' lang='lat' dir='ltr'>infidive</span> <span class='ocrx_word' id='word_1_99' title='bbox 524 2915 621 2985; x_wconf 76' lang='lat' dir='ltr'>Persae,</span> 
     </span>
     <span class='ocr_line' id='line_1_23' title="bbox 243 3017 742 3095; baseline -0.01 -13"><span class='ocrx_word' id='word_1_100' title='bbox 243 3021 313 3082; x_wconf 88' lang='lat' dir='ltr'>Non</span> <span class='ocrx_word' id='word_1_101' title='bbox 325 3017 446 3077; x_wconf 84' lang='lat' dir='ltr'>Tanaim</span> <span class='ocrx_word' id='word_1_102' title='bbox 458 3031 546 3095; x_wconf 88' lang='lat' dir='ltr'>prope</span> <span class='ocrx_word' id='word_1_103' title='bbox 557 3017 665 3077; x_wconf 89' lang='lat' dir='ltr'>flumen</span> <span class='ocrx_word' id='word_1_104' title='bbox 678 3017 742 3078; x_wconf 88' lang='lat' dir='ltr'>orti.</span> 
     </span>
    </p>
   </div>
   <div class='ocr_carea' id='block_1_8' title="bbox 0 0 1125 3714">
    <p class='ocr_par' dir='ltr' id='par_1_9' title="bbox 0 0 1125 3714">
     <span class='ocr_line' id='line_1_24' title="bbox 0 0 1125 3714; baseline 0 0"><span class='ocrx_word' id='word_1_105' title='bbox 0 0 1125 3714; x_wconf 95' lang='lat' dir='ltr'> </span> 
     </span>
    </p>
   </div>
  </div>
 </body>
</html>
