2232 3714
156 237 212 298 156
355 239 559 302 EPODON
592 243 749 302 LIBER.

152 367 255 446 Comes
268 365 379 425 minore
391 369 454 426 sum
466 367 578 426 tii-mma
590 368 622 426 in
635 377 724 441 metu,

193 469 256 528 Qui
268 468 358 547 major
370 469 497 530 absentes
510 471 610 530 habet:
641 540 644 546 .

153 573 205 643 Ut,
226 571 344 630 affidens
356 571 541 648 implumibus
553 571 647 650 pullis,
667 571 727 630 avis

191 675 370 750 Serpentium
382 675 510 750 adlapsus
522 674 606 733 timet

154 778 250 856 Magis
263 779 379 850 rehem
401 797 459 837 non
469 779 512 836 uti
525 780 561 837 sit
572 777 662 838 auxili

193 882 298 939 Latura
309 883 373 958 plus
386 881 576 958 praesentibus.

153 983 288 1042 Libenter
300 985 365 1055 hoc,
385 992 415 1041 et
427 1002 521 1054 omne,
541 982 711 1042 militabitur

192 1087 305 1145 Bellum
316 1087 348 1144 in
360 1096 418 1144 tuae
430 1088 509 1163 spem
524 1085 638 1163 gratiam

152 1190 223 1251 Non
235 1197 278 1259 ut,
294 1187 422 1265 juvencis
434 1187 545 1265 illigata
557 1187 694 1265 pluribus,

189 1293 293 1349 Aratra
307 1290 437 1349 nitantur
450 1310 523 1362 mea,

152 1397 273 1453 Pecusve
284 1393 411 1453 Calabris
424 1402 490 1452 ante
503 1392 577 1451 fidus
590 1393 734 1451 fervidum

193 1487 308 1556 Lucana
320 1507 413 1556 mutet
424 1495 549 1573 pascuis;

154 1603 260 1678 Neque
270 1609 304 1658 ut
317 1600 430 1677 superni
442 1598 510 1658 villa
522 1600 645 1657 candens
656 1598 773 1657 Tusculi

193 1703 301 1761 Circaea
315 1712 415 1778 tangat
427 1701 541 1760 moenia.

154 1806 227 1866 Satis
240 1808 379 1883 superque
392 1825 439 1864 me
451 1805 612 1882 benignitas
626 1813 674 1864 tua

196 1909 325 1968 Ditavit:
346 1909 424 1967 haud
435 1926 578 1984 paravere,

156 2014 245 2074 Quod
255 2022 313 2082 aut,
334 2027 432 2069 avarus
444 2019 478 2068 ut
490 2009 635 2081 Chremes,
655 2009 729 2068 terra
741 2029 877 2088 premam,

196 2114 356 2175 Discinttus
370 2123 420 2171 aut
431 2113 556 2189 perdam,
569 2119 604 2171 ut
615 2130 710 2191 nepos.

465 2441 575 2500 oue
613 2441 653 2500 11.
761 2395 764 2402 ⁵

159 2619 281 2677 Belius
294 2620 350 2691 ille,
372 2620 422 2697 qui
434 2622 533 2698 procul
545 2621 675 2699 negotiis,

198 2723 243 2780 Ut
253 2722 342 2799 prisca
354 2743 424 2800 gens
436 2722 609 2795 mortalium,

159 2825 279 2883 Paterna
290 2845 355 2884 rura
366 2827 456 2884 bobus
468 2837 581 2886 exercet
593 2825 657 2898 suia,

199 2927 313 2986 Solutus
325 2927 405 2988 omni
416 2929 534 2987 foenore.

161 3027 266 3104 Neque
278 3029 418 3088 excitatur
429 3031 539 3090 claffieo
551 3031 632 3091 miles
642 3031 726 3104 truci,
792 3071 796 3078 ·

200 3129 306 3206 Neque
318 3115 413 3190 horret
425 3131 530 3191 iratum
540 3152 634 3206 mare3
