2232 3714
373 262 420 317 tn
453 263 713 318 nonnarum
745 247 749 251 ’

353 497 388 536 tte
409 498 531 538 LIBRUM
552 498 730 538 SECUNDUM.

177 623 199 680 i.
220 644 258 693 19.
281 634 352 700 ‘Jam
362 633 600 695 tugost-tenorem
613 634 749 682 remittimus
758 634 785 682 ad
796 634 937 698 Oudendorp.

143 717 168 766 in
177 720 276 768 Frontin.
293 722 317 768 ii.
330 736 351 782 3.
365 737 401 783 ¹4
433 725 549 788 Lyricum,
560 733 586 770 ut
592 726 697 786 oportuit,
715 722 779 786 spirat
788 739 840 781 vor,
856 721 899 785 quai
910 723 939 770 ss·

142 805 227 856 militer
237 810 299 858 usam
308 811 371 858 video
382 813 477 859 Lucretii
488 811 653 868 sublimitatem,
669 811 693 857 ii.
712 823 765 872 3²⁷·

272 901 281 927 ‘
291 899 387 958 Fuipur’
399 899 429 944 ibi
439 901 465 946 ad
475 900 557 946 coeium
568 899 588 945 se
598 899 671 946 tollit:

141 1005 181 1053 obi
199 1006 279 1068 videas,
290 1026 344 1072 quos
354 1011 451 1059 adhibuit
469 1011 642 1072 Haverca'inpus,
658 1019 680 1056 et
689 1009 771 1057 codices
780 1007 879 1057 fimiiitdr
889 1023 938 1058 tur-

143 1091 201 1142 bare.

175 1185 231 1232 Ver.
246 1197 282 1247 37.
315 1186 477 1234 constructioni
495 1185 561 1233 nimis
578 1184 724 1246 incompositae
735 1195 798 1246 atque
814 1181 883 1231 hianti
900 1201 938 1248 per

141 1273 340 1334 interpunctionem
351 1275 466 1322 meliorem
476 1275 574 1320 dedimus
584 1287 672 1335 operam
680 1273 799 1319 subvenire.
815 1273 877 1319 Ordo
887 1275 933 1321 estt

140 1364 159 1391 “
170 1361 218 1418 Sed,
230 1353 304 1420 Musa,
321 1377 393 1424 quaere
403 1361 548 1420 modos,-ne'
559 1351 707 1407 retractes-'¹

174 1449 208 1496 11.
221 1462 243 1511 3.
266 1446 316 1496 Hic
326 1449 462 1497 distindiione
472 1449 533 1496 nobis
543 1448 628 1494 videtur
637 1449 697 1494 locus
707 1448 832 1495 concinnior
842 1448 937 1494 evadere.

174 1538 221 1585 111.
237 1551 276 1599 23.
304 1543 312 1569 ‘
324 1539 367 1586 Sub
383 1540 434 1586 divo
442 1539 622 1586 moretiel-De
632 1534 673 1584 hdo
683 1538 776 1584 literulae
786 1539 851 1585 unius
862 1549 935 1584 muta·

141 1628 200 1675 tione
207 1636 230 1673 et
240 1628 329 1674 mutatis
340 1624 657 1690 pundtis,unddconstmdtiotu
667 1627 795 1672 claudicanti
805 1627 935 1673 medicinam

141 1714 243 1774 fecimus,
259 1715 314 1762 nihil
327 1715 484 1777 nobismetipsis
494 1714 621 1761 diffidimus.

173 1806 204 1851 V.
232 1818 269 1864 13,
296 1817 334 1864 17.
368 1805 432 1850 Hanc
449 1813 553 1850 mutuam
574 1803 720 1864 epithetorum
740 1803 885 1859 tralationem,
911 1802 936 1849 in

141 1907 209 1956 quam
220 1892 266 1955 post
276 1893 330 1938 alios
345 1891 431 1939 seorsim
442 1892 567 1948 incidimus,
583 1891 628 1952 ipsa
638 1892 693 1938 ratio
710 1891 826 1953 persuadet.
858 1895 936 1954 Apage

141 1981 206 2028 istam
217 1984 225 2036 f
235 1979 329 2027 ferocem
338 1980 346 2002 '
361 1991 448 2026 aetatem
459 1979 485 2026 ab
495 1979 603 2026 Horatio!
930 1987 932 1994 “

173 2070 229 2117 Ver·
239 2079 278 2129 23.
311 2069 392 2116 Nostra
401 2067 511 2126 distindi'm
521 2081 620 2113 revocare
638 2066 707 2114 tendit
721 2067 855 2114 venustatem
871 2067 936 2114 Flac·

139 2168 167 2204 to
177 2157 330 2218 drgniffimam.
362 2154 450 2203 Reseras
460 2155 528 2201 velim
546 2157 554 2184 s
564 2154 674 2201 crinibus'
685 2165 707 2202 ct
724 2157 732 2184 ‘
742 2155 821 2201 vultu’
839 2156 866 2202 ad
876 2159 885 2186 ‘
894 2156 934 2202 ob·

140 2247 229 2292 scutum
239 2245 255 2302 ς’
272 2245 323 2291 hinc
333 2244 392 2290 enirn
404 2243 480 2305 pendet
490 2243 532 2289 loci
543 2243 655 2302 elegantia.

172 2336 217 2382 vt.
237 2333 273 2380 18.
314 2336 323 2363 ‘
333 2333 440 2380 Amidius
456 2330 697 2378 Aulon.'-Heinsrana
716 2330 845 2389 emendatio,
866 2348 933 2394 quam

139 2437 181 2469 nos
190 2423 258 2470 etiam
268 2425 355 2468 eramus
371 2420 465 2476 assecuti,
482 2418 592 2466 necessaria
601 2418 693 2475 videtur,
710 2433 736 2464 ne
746 2417 871 2480 scriptorem
881 2420 934 2467 niti·-

141 2512 252 2558 disiimnm
263 2510 385 2556 dehonestet
395 2509 451 2555 labes
460 2505 638 2554 concurrentium
648 2505 803 2567 epithetorum.
829 2507 935 2556 Consules

108 2591 112 2600 ’
138 2603 207 2648 etiam
226 2600 287 2662 epist.
304 2600 319 2646 i.
338 2597 374 2646 16.
393 2611 414 2659 3.
446 2598 577 2656 visuum.
596 2595 620 2642 ii.
638 2593 676 2656 38.
700 2609 752 2657 113.
785 2596 830 2644 Ov·
843 2600 899 2646 Met.
911 2615 935 2645 1.

142 2703 199 2737 ιοο.
232 2689 332 2735 Fasi.iv.
354 2699 409 2746 707.

174 2778 206 2826 X.
226 2791 246 2838 3.
278 2775 384 2823 Promovi
403 2773 511 2837 punttum
532 2787 600 2834 usque
617 2771 642 2818 ad
663 2769 810 2820 ‘nimidme'
834 2772 952 2824 similiter.

141 2869 193 2915 Art.
204 2877 261 2930 poet.
277 2881 332 2912 vers.
343 2865 382 2910 28.
772 2916 774 2922 ἲ

238 2955 308 3017 Serpit
318 2953 383 3001 humi
394 2957 401 2983 ‘
411 2963 471 2998 tutus
481 2949 591 2997 niminm’
601 2950 734 3012 timidusque
743 2952 850 3014 procella.

172 3070 228 3117 Ver.
240 3081 263 3128 9.
296 3066 398 3113 ‘Saev'ius
413 3063 583 3112 ventus-Hoc
601 3063 693 3124 postulat
709 3062 750 3110 ioci
766 3065 856 3127 scopusr
885 3066 933 3112 vide

142 3157 220 3206 surm
231 3157 279 3206 Or.
291 3157 332 3218 Ep·
346 3154 391 3202 niv.
409 3166 447 3214 39.
