2232 3714
141 225 198 276 ns
338 175 550 282 nsouou
582 221 737 280 mnan.

138 345 330 423 Pavidumque
343 349 477 426 leporem,
491 357 521 408 et
534 351 672 408 advenam
684 349 785 424 laqueo
797 365 909 424 gruem,

176 451 308 527 Jucunda
321 463 416 527 captat
428 452 552 528 praemia.
661 457 668 468 '

110 575 112 586 ·
138 549 213 608 Quis
226 569 284 608 non
297 553 446 624 malarum,
454 565 457 570 '
466 573 535 630 quas
548 572 628 611 amor
639 571 719 610 curas
733 551 828 622 habet,

175 653 248 710 Haec
260 653 335 714 inter
347 656 538 714 obliviscitur?

136 755 225 814 Quod
236 757 257 813 fi
270 757 372 833 pudica
385 759 488 816 mulier
499 759 531 818 in
543 767 654 835 partem
664 756 746 834 juvet

173 858 312 930 Domum,
332 870 418 936 atque
430 862 526 919 dulces
538 862 640 918 liberos
647 885 656 932 5

132 960 235 1018 Sabina
248 962 348 1037 qualia,
369 975 419 1021 aut
431 964 540 1039 perusta
561 963 664 1020 solibus

174 1064 296 1122 Persicis
308 1084 381 1123 uxor
394 1066 503 1142 Appuli
510 1091 519 1136 5

132 1167 249 1224 Sacrum
261 1167 375 1226 vetustis
387 1169 510 1226 exstruat
522 1166 609 1245 lignis
621 1167 720 1225 focum

171 1269 246 1326 Laffi
259 1269 311 1327 sub
325 1271 479 1328 adventum
492 1270 560 1328 viri:

133 1372 332 1448 claudensque
345 1373 430 1430 textis
442 1373 566 1432 cratibus
579 1373 679 1431 laetum
690 1391 784 1448 pocus,

171 1475 300 1532 Distento
314 1475 397 1532 ficeet
409 1477 512 1546 ubera;

132 1579 171 1635 Et
183 1577 273 1635 horna
285 1577 363 1635 dulci
375 1577 441 1636 vina
453 1595 585 1653 promens
597 1576 684 1648 dolio,

170 1680 265 1757 Dapes
278 1681 398 1738 inemtas
411 1687 540 1756 apparet:

130 1784 162 1840 N
164 1801 201 1840 on
214 1802 262 1841 me
275 1782 398 1841 Lucrina
406 1781 532 1858 juverint
544 1781 702 1859 conchylia,

126 1887 127 1890 ’
168 1886 299 1962 Magisve
312 1885 455 1956 rhombus,
476 1892 526 1942 aut
538 1884 617 1956 scari,

128 1989 243 2064 Siquos
256 1988 321 2046 Eois
334 1987 463 2046 intonata
476 1986 608 2045 fluetibus

168 2091 271 2148 Hiems
283 2091 384 2148 adhoc
396 2097 488 2148 vertat
500 2105 592 2148 mare:

128 2194 161 2252 N
161 2212 199 2251 on
211 2194 285 2251 Afra
298 2193 355 2251 avis
368 2192 519 2250 descendat
530 2191 562 2250 in
574 2199 704 2256 ventrem
714 2209 821 2265 meum,

167 2298 238 2355 Non
250 2305 366 2374 attagen
379 2295 501 2366 Ionicus,
854 2296 856 2301 ’

127 2399 295 2479 Jucundior,
314 2417 402 2474 quam
414 2399 486 2456 leole
497 2399 533 2455 de
544 2396 733 2474 pinguiffimis

167 2504 253 2562 Oliva
266 2501 351 2560 ramis
364 2503 505 2571 arborum,
693 2497 695 2504 ’

127 2608 191 2665 Aut
202 2607 289 2664 herba
301 2603 408 2680 lapathi
421 2613 500 2679 prata
514 2602 643 2674 amantis,
664 2611 694 2661 et
706 2604 786 2680 gravi

166 2709 272 2767 Malvae
283 2708 404 2767 salubres
418 2705 528 2782 corpori
537 2730 547 2776 ς

127 2813 183 2870 Vel
196 2831 269 2888 agna
282 2810 357 2870 festis
369 2808 438 2867 caesa
451 2808 669 2880 Terminalibus,

165 2914 221 2972 Vel
233 2913 330 2996 haedus
343 2920 454 2988 ereptus
466 2910 544 2986 lupo.

125 3017 189 3076 Has
199 3015 275 3072 inter
286 3013 391 3089 epulas,
411 3021 447 3094 ut·
453 3011 536 3088 juvat
544 2995 633 3088 pastis
645 3031 711 3072 oves

163 3116 268 3174 Videre
279 3122 459 3192 properantes
471 3115 589 3172 domum
600 3115 605 3172 l
664 3148 666 3154 ·
