2232 3714
375 297 497 364 ‚,LIB.'
515 304 574 369 ivl
607 306 668 378 xiii,
753 315 755 325 ¹

128 405 285 472 Adduxere
298 417 372 480 fitim
386 433 521 506 tempora,
536 439 655 518 Virgili:

126 506 181 566 Sed
192 517 315 588 preffum
328 524 443 590 Calibus
456 533 558 598 ducere
571 545 708 610 Liberum
742 596 744 604 ‚

6 631 8 637 ·
124 609 153 665 Si
167 617 258 689 gestis,
274 621 415 698 juvenum
429 639 569 701 nobilium
581 647 677 722 cliens,

239 722 339 785 Nardo
352 731 418 792 vina
432 735 582 804 merebere.

116 915 209 978 Nardi
220 943 322 1000 parvus
335 952 413 1014 onyx
425 943 519 1006 elicIet
532 953 644 1030 cadum,

116 1019 178 1078 Qui
191 1043 268 1086 nunc
282 1033 410 1112 Sulpiciis
424 1052 542 1109 accubat
552 1053 657 1118 horreis
661 1087 671 1134 3

113 1121 179 1197 Spes
191 1130 295 1191 donare
308 1155 393 1200 novas
406 1145 509 1226 largus,
530 1175 682 1238 amaraque

228 1235 369 1300 Curarum
380 1247 476 1308 eluere
487 1256 598 1317 efficax.
695 1303 698 1310 ι

105 1431 155 1489 Ad
168 1455 232 1512 quae
245 1441 265 1498 fi
277 1463 407 1524 properas
420 1457 532 1531 gaudia,
553 1482 620 1524 cum
633 1471 682 1530 tue
761 1517 763 1520 -
780 1551 787 1562 μ

103 1535 196 1596 Velox
206 1560 299 1604 merce
312 1552 391 1610 veni:
404 1576 471 1615 'non
485 1581 539 1638 ego
551 1572 579 1623 te
590 1572 661 1629 meis

101 1637 266 1704 Immunem
278 1654 400 1713 meditor
412 1659 543 1738 tinguere
552 1673 669 1747 poculis,

215 1749 300 1809 plene
314 1756 390 1815 diies
402 1769 435 1818 ut
447 1763 479 1820 in
491 1768 585 1830 domo.
703 1778 706 1783 ’

94 1945 202 2008 Verum
214 1972 289 2029 pone
301 1979 402 2034 moras,
423 1977 453 2026 et
466 1971 589 2034 studium
603 1979 688 2056 Iuc1i5

91 2044 122 2104 N
124 2049 305 2134 igrotumque
318 2083 436 2140 memor,
457 2073 526 2132 dum
541 2079 618 2154 licet,
638 2084 759 2166 ignium,

89 2151 180 2212 Misce
193 2133 340 2225 stultitiam
351 2172 472 2231 consiliis
486 2179 616 2241 brevem
639 2245 643 2252 ,

204 2261 300 2322 Dulce
309 2269 349 2358 est
362 2271 484 2350 desipere
496 2279 527 2337 in
540 2283 610 2344 loco.

349 2593 471 2656 ODE
509 2603 594 2664 XIII.

338 2775 356 2831 ᾗ
391 2788 427 2826 nc
447 2792 562 2848 meme„
667 2775 670 2784 ’

69 2959 248 3036 Annivm,
270 2967 355 3044 Lyce,
377 2972 482 3034 dimea
495 2986 561 3038 vota
567 3007 576 3053 3
599 2985 629 3045 di

67 3060 220 3139 Audivere,
241 3069 332 3146 Lyce:
355 3073 389 3134 fis
402 3095 482 3154 anus,
502 3091 642 3147 ettamen

878 341 933 408 147
