2250 3698
150 223 179 279 vi
357 251 491 290 nonanrr
514 252 622 292 ronam
643 253 728 292 vrri,

206 383 351 460 rugum
372 385 400 444 er
420 367 607 466 reparatarum
629 391 757 449 officium
776 389 890 462 obturat,
916 399 952 451 ut

147 507 202 566 hoc
215 512 251 567 ad
264 513 455 574 Maecenatem
472 517 575 594 scripto
589 519 743 595 fignificat:
767 524 785 551 “
798 517 878 576 Ante
889 517 951 594 ipse

147 641 166 667 “
179 636 331 696 scribendis
347 642 468 718 epistolis
481 643 637 703 amicorum
649 645 838 703 sufficiebamt
861 664 949 718 nunc,

146 769 165 796 ‘⁴
179 759 406 842 occupatissimus
419 778 448 827 et
461 770 601 841 infirmus,
621 772 777 830 Horatium
793 773 918 830 nostrum
933 773 950 830 a

144 898 164 925 “
177 902 206 950 te
220 895 303 971 cupio
324 899 471 956 abducere.
511 898 617 959 Veniet
635 919 703 977 ergo
722 902 757 956 ab
776 899 827 956 ista
844 902 948 977 parafi-

144 1024 162 1052 “
177 1019 234 1078 tica
246 1023 343 1079 mensa
359 1025 395 1080 ad
408 1024 482 1082 hanc
495 1023 618 1102 regiam:
645 1035 674 1083 et
687 1045 738 1084 nos
749 1027 780 1083 in
793 1026 948 1086 scribendis

144 1147 297 1224 “epistolis
314 1149 450 1227 juvabit.”
489 1153 535 1209 Ac
549 1171 586 1209 ne
603 1151 742 1210 recusanti
762 1153 879 1228 quidem
898 1164 948 1213 aut

142 1277 301 1335 succensuit
318 1277 481 1357 quicquam,
504 1289 554 1337 aut
566 1279 723 1337 amicitiam
735 1280 815 1338 suam
833 1281 946 1357 ingere·

145 1424 175 1462 re
188 1405 278 1464 desiit.
318 1407 427 1464 Extant
439 1406 574 1483 epistolae3
601 1406 761 1482 exquibus,
782 1407 947 1484 argumenti

143 1533 243 1609 gratia,
263 1553 353 1610 pauca
375 1533 489 1612 subjeci.
530 1535 649 1592 “Sume
672 1534 724 1592 tibi
747 1533 855 1609 aliquid
873 1533 946 1611 juris

142 1663 250 1738 “apud
274 1681 331 1732 me,
365 1672 503 1739 tanquam
526 1661 547 1719 fi
570 1660 714 1719 convictor
737 1659 813 1718 mihi
839 1661 943 1720 fueris:

142 1796 160 1822 “
173 1791 248 1848 reste
266 1791 353 1862 enim,
374 1800 403 1848 et
421 1810 479 1847 non
501 1798 608 1846 temere
628 1787 741 1860 feceris3
766 1789 899 1865 quoniam
914 1791 945 1850 id

143 1918 241 1976 “usus
259 1917 331 1977 mihi
352 1928 449 1976 tecum
467 1917 521 1974 esse
534 1915 621 1987 volui,
641 1917 663 1974 fi
681 1935 731 1992 per
750 1915 945 1976 valetudinem

142 2051 160 2078 “
173 2056 254 2105 tuam
267 2046 329 2105 fieri
341 2047 448 2123 possit.”
484 2047 523 2103 Et
534 2045 639 2102 rursus:
664 2051 681 2077 “
695 2043 752 2102 Tui
766 2045 881 2121 qualem
892 2048 943 2106 ha-

141 2180 159 2207 “
172 2177 257 2233 beam
279 2175 456 2245 memoriam,
484 2173 589 2250 poteris
609 2192 645 2231 ex
669 2173 806 2251 Septimio
829 2196 944 2253 quoque

141 2304 265 2362 “nostro
283 2303 396 2360 audire:
420 2320 487 2360 nam
504 2299 616 2372 incidit,
636 2311 670 2358 ut
683 2301 732 2358 illo
745 2321 842 2361 coram
862 2303 944 2362 fieret
1039 2377 1041 2384 Ι

83 2431 84 2436 ’
140 2436 161 2474 ·“
174 2429 191 2488 a
203 2449 251 2488 me
264 2429 307 2487 tui
327 2429 451 2487 mentio:
473 2447 577 2504 neque,
598 2427 666 2487 fitu
686 2427 821 2505 superbus
844 2433 942 2490 amici·

141 2563 160 2590 “
174 2557 245 2616 tiam
258 2557 381 2614 nostram
389 2554 521 2631 sprevisti,
542 2551 607 2612 ideo
618 2573 669 2612 nos
683 2574 796 2632 quoque
809 2557 941 2636 autumpn-

141 2690 160 2720 “
174 2685 307 2754 cavaea'*
348 2685 492 2753 Praet'erea‚
512 2681 585 2758 saepe
597 2681 672 2740 inter
686 2683 753 2742 alios
762 2682 841 2761 jocos
855 2693 874 2719 “
886 2708 940 2764 pu*

140 2819 157 2847 “
172 2813 310 2871 riffimum
327 2812 454 2889 penem,''
480 2819 510 2869 et
532 2811 785 2872 “homuncionem
804 2815 940 2892 lepidiffi-

139 2945 158 2973 “
171 2941 275 3006 mum,''
290 2938 426 3016 appellat3
448 2936 562 3014 unique
572 2946 602 2995 et
615 2939 701 2996 alteri
714 2939 883 3002 liberalitate
896 2945 938 3002 lo-

138 3067 299 3146 cupletavit.
341 3066 448 3145 Scripta
460 3065 577 3142 quidem
595 3065 654 3142 ejus
672 3089 761 3146 usque
782 3073 852 3132 adeo
871 3094 937 3152 pro.
