2232 3714
181 199 239 260 ino
300 153 303 158 ¹
370 201 581 262 aionon
619 201 776 264 unna.

178 329 242 388 Nec
256 337 350 388 tantus
363 349 492 408 unquam
505 331 627 389 sidemm
639 332 743 392 insedit
754 345 841 410 vapor

217 433 371 492 Siticulosae
384 433 532 511 Appuliae5

175 535 210 593 N
210 555 242 593 ec
255 556 359 607 munus
371 538 496 596 humeris
506 537 629 596 efficacis
642 539 783 597 Hercldis.

216 639 318 697 Inarfit
331 640 479 699 aestuofius.

177 741 228 812 At,
249 742 271 800 fi
288 743 357 818 quid
370 761 498 819 unquam
510 743 567 800 tale
580 743 780 820 concupiven's,

216 845 324 921 Jocosa‚
345 845 498 915 Maecenas,
518 865 624 922 precor,

177 947 301 1006 Manum
313 949 407 1024 puella
420 949 515 1007 snavio
527 957 656 1026 opponat
667 957 726 1018 tuo,

215 1051 351 1110 Extremi
363 1061 393 1109 et
405 1051 437 1108 in
452 1051 560 1128 spondi
571 1053 664 1108 cubet.

470 1387 578 1446 ODE
617 1388 670 1446 IV.

484 1587 525 1626 An
547 1587 670 1626 unm.

177 1773 272 1830 ans
285 1778 316 1829 et
328 1770 409 1849 agnis
421 1780 529 1848 quanta
541 1771 640 1832 sortito
653 1772 765 1851 obtigit,

214 1875 324 1933 Tecum
337 1875 408 1932 mihi
422 1875 558 1933 discordia
570 1877 623 1946 est3

176 1977 293 2036 ibericis
305 1978 414 2054 peruste
426 1978 542 2035 funibus
554 1977 637 2050 latus,

215 2081 254 2137 Et
266 2099 346 2138 crura
362 2079 431 2137 duri
444 2081 590 2156 compede.

176 2182 258 2241 Licet
271 2182 405 2259 superbus
417 2183 542 2240 ambules
554 2182 684 2259 pecnnia,

215 2285 338 2344 Fortuna
352 2304 410 2343 non
423 2293 516 2343 mutat
529 2265 627 2363 genus.

175 2389 309 2458 Videsne,
330 2389 435 2446 sacram
447 2387 584 2447 metiente
596 2396 626 2446 te
638 2388 715 2447 viam

215 2492 292 2550 Cum
304 2489 347 2550 bis
358 2491 447 2549 trium
459 2492 592 2549 ulnarum
605 2491 682 2568 tegi,

177 2595 222 2654 Ut
234 2613 281 2653 ora
294 2602 385 2654 vertat
397 2595 454 2652 hnc
466 2603 496 2652 et
509 2594 566 2652 huc
579 2593 709 2652 euntium

217 2697 374 2756 Libem'ma
387 2696 565 2774 indignatio?

178 2800 274 2858 Senius
287 2799 405 2876 flagellis
418 2799 466 2856 hic
478 2797 722 2870 Triumviralibus,

217 2901 354 2960 Praeconis
368 2904 403 2960 ad
415 2900 568 2974 fastidium,

178 3005 252 3062 Arat
265 3003 374 3062 Falerni
385 3004 465 3061 mille
477 3004 561 3063 fundi
568 3002 678 3084 jugera,

218 3105 257 3162 Et
268 3104 394 3180 Appiam
406 3105 518 3166 mannis
530 3106 596 3166 terit
601 3131 611 3180 5
