2250 3698
198 267 238 316 20
441 257 748 335 carminum,

197 383 351 461 Conjurata
362 393 423 445 tuas
436 407 566 464 rumpere
579 389 700 465 nuptias,

236 487 274 545 Et
285 507 407 565 regnum
420 488 524 548 Priami
535 500 623 549 vetus.

197 693 279 752 Eheu
291 704 414 770 quantus
426 694 514 770 equis,
535 705 658 771 quantus
670 697 745 754 adest
754 696 830 767 siris,
916 739 918 743 -

197 797 299 855 Sudor!
323 807 428 874 quanta
441 817 536 855 moves
549 798 649 856 funera
661 798 802 856 Dardanae

197 899 299 956 Genti!
318 898 380 976 jam
393 901 503 976 galeam
515 899 605 958 Pallas
615 909 645 956 et
656 901 748 977 aegida

236 1003 397 1079 Omnisque
408 1011 438 1059 et
449 1002 556 1060 rabiem
566 1011 655 1078 parat,

196 1206 424 1283 Necquicquam,
436 1207 555 1265 Veneris
566 1205 695 1283 prsfidio
707 1207 797 1276 ferox,

105 1307 110 1316 “
196 1310 291 1367 Peetes
304 1309 445 1368 caesariem
450 1334 459 1380 5
481 1319 616 1387 grataque
628 1307 754 1366 foeminis

196 1411 309 1469 Imbelli
322 1411 429 1470 cithara
440 1412 565 1470 cannino
575 1411 684 1469 divides

235 1514 467 1591 Necquicquam:
490 1515 616 1574 thalamo
630 1533 727 1592 graves

196 1718 305 1788 Hastas,
326 1728 356 1776 et
368 1719 470 1778 calami
480 1720 585 1796 spicula
596 1719 705 1778 Gnoflii
814 1739 817 1748 ¹

196 1822 317 1893 Vitabis,
338 1823 548 1899 strepitmnque,
568 1831 598 1879 et
611 1822 730 1879 celerem
740 1822 819 1900 sequi

196 1923 329 2000 Ajacem,
351 1933 447 1981 tamen
460 1923 530 1981 heu!
553 1924 627 1982 serus
640 1924 780 1982 adulteros

235 2025 334 2084 Crines
347 2027 461 2102 pulvere
474 2026 598 2084 collines.

196 2233 266 2290 Non
280 2230 466 2302 Laertiadem,
486 2229 607 2288 exitium
620 2239 678 2287 tuae

196 2334 306 2404 Gentis,
320 2353 378 2391 non
391 2332 504 2409 Pylium
517 2332 635 2390 Nestora
648 2330 779 2408 respicis?

195 2438 330 2514 Urguent
341 2434 480 2512 impavidi
491 2445 520 2492 te
533 2434 700 2511 Salaminius

116 2615 124 2624 ,
234 2540 408 2614 Teucerque,
429 2546 459 2595 et
471 2537 618 2596 Sthenelus
629 2535 717 2594 sciens

196 2745 311 2821 Pugnae,
332 2743 387 2800 five
399 2761 468 2819 opus
478 2742 526 2813 est,
546 2741 706 2818 imperitare
718 2743 798 2818 equis

195 2847 266 2905 Non
277 2845 373 2923 auriga
380 2833 473 2922 piger.
513 2845 664 2910 Merionen
677 2865 789 2921 quoque

196 2950 315 3008 Nosces:
337 2968 402 3008 ecce
412 2948 483 3006 furit
493 2957 522 3004 te
534 2947 653 3024 reperire
666 2955 747 3006 atmx

235 3051 369 3129 Tydides,
389 3049 489 3109 melior
500 3058 592 3126 patre:
