2232 3714
350 242 557 312 EPODON
588 245 748 308 LIBER.

147 363 251 424 Videre
263 366 344 436 fessos
356 389 500 430 vomerem
511 371 653 432 inversum
664 375 752 434 boves

185 468 268 527 Collo
281 471 424 530 trahentes
436 472 585 551 languido!

145 571 307 648 Positosque
318 593 426 648 vernas,
447 574 514 644 ditis
526 595 647 636 examen
660 579 770 650 domus,

126 699 130 704 ·
184 673 302 734 Circum
313 676 473 735 renidentes
486 679 584 737 Lares!

145 777 217 834 Haec
229 777 280 835 ubi
292 779 404 837 locutus
416 780 569 839 foenerator
580 781 684 854 Alfius,
758 853 760 858 ¹
806 749 810 760 Ι

182 878 304 957 Jamjam
318 881 430 940 futurus
441 880 569 954 rusticus,

145 981 272 1042 Omnem
283 983 392 1060 redegit
405 980 502 1042 Idibus
514 985 680 1062 pecunianm

183 1084 296 1144 Quaerit
308 1084 441 1144 Calendis
451 1106 570 1163 ponere.
576 1123 615 1224 :H

435 1449 544 1512 ODE
582 1453 646 1511 111:

405 1623 447 1664 ,tn
468 1628 679 1668 MAECENATEM.

142 1811 294 1869 Praenrrs
308 1809 378 1868 olim
391 1811 411 1870 fi
423 1811 486 1889 quis
498 1813 587 1891 impii
599 1832 687 1873 manu

180 1913 273 1973 Senile
286 1922 386 1992 guttur
399 1914 526 1994 fregerit,

125 2015 207 2087 ,Edit
219 2015 318 2074 cicutis
331 2015 431 2074 allium
443 2017 599 2076 nocentius.

179 2119 208 2178 Ο
220 2120 291 2178 dura
303 2118 456 2178 mefforum
468 2119 517 2178 ilia
528 2121 542 2177 l
675 2183 677 2189 y

141 2221 222 2279 Quid
232 2222 286 2279 hoc
297 2221 399 2282 veneni
410 2221 488 2280 saevit
499 2221 531 2278 in
543 2221 702 2298 praecordiis
713 2225 734 2282 l.

176 2324 260 2382 Num
272 2322 415 2400 viperinus
427 2323 472 2380 his
484 2343 567 2382 cruor

137 2426 269 2484 Incodtns
282 2424 376 2488 herbis
385 2445 433 2484 me
443 2425 562 2487 fefellit?
584 2445 620 2484 an
633 2427 721 2486 malas

177 2528 299 2590 Canidia
311 2527 441 2588 tranavit
454 2529 555 2606 dapes?

138 2631 182 2697 Ut
192 2632 375 2708 Argonautas
387 2639 489 2708 praeter
501 2650 599 2700 omnes
609 2631 763 2691 candidum

177 2733 282 2792 Medea
295 2733 397 2792 mirata
410 2733 450 2791 est
461 2734 572 2804 ducem,

134 2837 240 2916 Ignota
253 2837 340 2895 tauris
353 2835 531 2914 illigatumm
543 2834 623 2913 juga,

176 2938 313 2998 Perunxit
324 2939 379 2998 hoc
391 2938 538 3017 Jasonem:
555 3003 560 3020 -.

135 3043 201 3107 Hoc
214 3041 347 3102 delibutis
359 3043 420 3100 ulta
433 3040 514 3100 donis
525 3040 665 3120 pellicem,

176 3147 310 3224 Serpente
323 3143 401 3225 fugit
415 3143 491 3206 alite.
544 3209 546 3214 ,

891 255 947 322 1⁵9
