2232 3714
310 237 312 241 ’
381 251 478 312 nrs.
512 253 566 314 111.
607 255 647 313 n.

116 381 179 438 Nec
192 381 298 457 loquax
311 381 389 454 olim,
410 402 502 458 neque
515 391 604 460 grata,
625 387 744 440 nuncet

117 484 249 542 Divitum
262 487 363 542 mensis
375 493 404 542 et
417 485 508 543 amica
518 485 648 562 templis3

98 602 100 610 ’
118 587 173 644 Dic
186 589 294 669 modos,
315 589 395 664 Lyde
408 589 510 664 quibus
523 588 673 646 obstinatas

274 690 409 767 Applicet
423 711 515 748 aures:

120 898 204 967 Quae,
223 897 303 954 velut
315 896 378 955 latis
390 917 462 974 equa
474 898 559 955 trima
571 897 687 974 campis,

119 999 207 1058 Ludit
217 999 360 1070 exsultim,
380 1000 540 1076 metuitque
553 1001 642 1077 tangi,

120 1102 296 1178 Nuptiarum
309 1121 415 1178 expers,
437 1112 466 1159 et
480 1103 572 1161 adhuc
584 1113 713 1179 protervo

275 1205 370 1264 Cruda
383 1205 493 1263 marito.

118 1412 166 1468 Tu
178 1417 258 1487 potes
271 1410 365 1487 tigres,
386 1401 558 1487 comitesque
571 1409 650 1469 silvas

120 1514 241 1584 Ducere,
261 1521 291 1570 et
303 1513 376 1571 rivos
391 1514 492 1572 celeres
504 1514 621 1590 morari:
721 1592 723 1596 Δ

120 1616 207 1674 Ceffit
219 1616 353 1674 immanis
366 1616 418 1674 fibi
431 1615 589 1674 blandienti
690 1670 691 1673 ,

273 1718 384 1794 Janitor
397 1719 468 1776 aulae

119 1925 271 1994 Cerberus3
293 1923 420 1998 quamvis
433 1923 534 1981 furiale
547 1933 678 1982 centums

119 2026 256 2083 Muniant
270 2044 375 2102 angues
388 2037 483 2102 caput,
505 2027 657 2102 aestuetque

120 2129 237 2204 Spiritus
251 2137 335 2198 teter,
353 2127 499 2203 saniesque
512 2137 609 2185 manet

275 2231 334 2287 Ore
347 2230 486 2306 trilingui.
559 2225 561 2230 ’

120 2433 201 2494 Quin
214 2444 244 2492 et
257 2434 349 2505 Ixion,
369 2435 527 2511 Tityosque
539 2436 622 2493 vultu

120 2539 191 2597 Risit
204 2537 311 2597 invito:
334 2537 410 2594 stetit
421 2557 492 2596 urna
505 2539 624 2614 paulurn

119 2641 206 2711 Sicca,
228 2642 298 2698 dum
312 2650 391 2716 grato
404 2639 499 2697 Danai
511 2641 618 2716 puellas

276 2742 412 2800 Carmine
425 2743 540 2800 mulces.

119 2949 230 3007 Audiat
243 2949 323 3024 Lyde
336 2947 433 3020 soclus,
454 2956 539 3024 atque
552 2955 632 3006 notas

121 3051 277 3128 Virginum
286 3070 392 3126 poenas,
413 3059 443 3108 et
455 3050 540 3109 inane
553 3049 678 3128 lyiuphae
794 3086 795 3090 =

508 3172 529 3208 Η
624 3205 625 3208 ,

875 260 915 326 97
