2232 3714
324 193 553 261 .EPODON'
583 195 749 260 LIBER.
874 196 940 270 '1¹77

135 319 231 385 Mirus
244 345 335 385 arnor:
352 327 435 413 juvet
447 341 480 387 ut
492 329 578 406 tigres
591 329 729 386 subsidere
741 323 837 396 cervis)

215 431 401 490 Adulteretur
413 443 442 490 et
458 433 589 490 columba
601 431 701 502 miluo,

133 531 258 590 Credula
272 547 324 590 nee
336 553 415 592 ravos
428 535 548 592 timeant
561 543 688 591 armenta
700 533 807 602 leones3

213 637 358 712 Ametque
369 636 438 694 salsa
449 637 517 694 levis
530 637 623 694 hircus
636 653 757 711 aequora.

133 735 216 804 Haec,
236 748 266 794 et
278 757 342 812 quae
354 747 486 814 poterunt
499 738 604 796 reditus
616 736 777 795 abscindere
789 735 893 806 dulces,
909 735 921 804 J
1024 813 1028 820 ,

214 838 320 896 Eamus
331 839 423 896 omnis
436 839 576 898 exsecrata
591 839 698 909 civitae,

134 939 199 997 Aut
210 959 274 1015 pars
285 939 401 999 indocili
413 927 514 999 melior
526 960 611 1019 grege
616 967 625 1013 3
647 940 749 1011 mollis,
769 950 798 998 et
809 937 913 1018 cuspesv

214 1041 374 1100 Inominata
387 1042 541 1119 perprimat
552 1043 665 1101 cubilia.
836 1045 839 1054 '

133 1138 202 1214 Vos,
223 1143 324 1219 quibus
337 1145 377 1201 est
388 1145 483 1216 virtus,
509 1144 677 1202 muliebrem
690 1143 780 1202 tollite
792 1144 901 1202 lustum

211 1246 327 1303 Etrusca
339 1223 440 1322 praeter
452 1256 481 1304 et
491 1247 584 1304 volate
597 1246 702 1304 littora.

132 1347 166 1406 N
166 1366 196 1405 os
208 1358 306 1406 manet
318 1367 438 1406 oceanus
450 1347 659 1424 circumvagus:
681 1367 746 1406 arva
758 1350 841 1406 beata

210 1451 340 1508 Petamus
345 1475 354 1521 3
376 1465 449 1520 arva,
470 1443 570 1508 divites
583 1461 612 1507 et
624 1438 741 1520 insulas3

133 1549 238 1610 Reddit
250 1552 302 1609 ubi
315 1531 447 1610 Cererem
460 1541 542 1609 tellus
555 1552 663 1610 inarata
676 1553 836 1628 quotannis>

210 1655 247 1711 Et
260 1654 400 1730 imputata
412 1643 495 1711 floret
507 1654 593 1729 usque
605 1643 695 1725 vinea,

130 1756 281 1814 Germinat
293 1766 323 1813 et
335 1775 481 1831 nunquam
494 1755 618 1813 fallentis
631 1764 732 1812 tennes
744 1755 834 1825 olivae,

209 1859 350 1933 suamque
363 1859 437 1934 pulla
453 1857 522 1914 ficus
535 1867 616 1915 ornat
629 1859 765 1928 arborem,

27 2023 30 2027 ,
130 1949 220 2018 Mella
231 1961 299 2018 cava
310 1969 427 2018 manant
440 1978 476 2018 ex
488 1959 561 2030 ilice,
581 1955 725 2018 montibus
738 1960 801 2018 altis

208 2061 290 2120 Levis
303 2073 435 2137 crepante
447 2061 564 2138 lympha
581 2061 672 2118 desilit
683 2063 770 2138 pede:
879 2078 882 2084 ·

129 2162 194 2222 Illic
206 2162 313 2240 injuffae
325 2163 444 2220 veniunt
455 2164 491 2220 ad
503 2164 622 2221 muldlra
635 2165 759 2240 capellae‚

209 2266 362 2341 Refertque
375 2274 453 2323 tenta
465 2283 535 2342 grex
548 2264 654 2323 auricus
665 2267 765 2338 ubera5

129 2367 219 2427 Nulla
231 2351 333 2424 docent
346 2367 439 2444 pecori
453 2366 591 2442 contagia,
612 2366 716 2424 nullius
729 2367 791 2426 astri
852 2395 855 2402 ·

71 2468 73 2475 '
208 2471 332 2547 Gregern
345 2468 457 2527 aestuosa
472 2478 558 2526 torret
570 2468 737 2544 impotentia
748 2495 756 2540 3
770 2487 774 2493 ’

129 2571 195 2633 Nec
207 2571 380 2649 vespertinus
393 2569 590 2646 circumgemit
602 2570 681 2648 ursus
694 2571 776 2642 ovile,

208 2675 239 2732 N
240 2693 272 2731 ec
283 2672 446 2731 intumescit
457 2673 513 2730 alta
526 2671 626 2748 viperis
638 2672 757 2730 humus:

129 2778 268 2853 Pluraque
280 2775 375 2833 felices
387 2773 555 2852 mirabimur
559 2797 568 2844 3
589 2783 622 2831 ut
635 2793 726 2849 neque
739 2776 823 2852 largis
874 2799 876 2804 ¹

207 2877 338 2954 Aquosus
351 2879 442 2934 Eurus
456 2895 520 2932 arva
533 2876 612 2932 radat
624 2875 770 2948 imbribus,

128 2981 249 3060 Pinguia
263 2999 315 3037 nec
328 2979 404 3036 ficcis
416 2986 534 3035 urantur
547 2976 652 3034 semina
664 2978 762 3054 glebis,

207 3083 370 3160 Utrumque
383 3099 448 3158 rege
462 3088 635 3155 temperante
648 3080 784 3142 coelitum.
861 3079 864 3086 “
884 3081 886 3087 '
917 3095 919 3102 ’
