2232 3714
387 229 481 287 LIB.
510 229 564 286 III.
604 223 655 286 xli.
877 238 917 295 99
936 228 937 233 '

125 349 148 427 l,
161 356 244 432 pedes
258 374 315 431 quo
329 360 358 412 te
370 355 491 432 rapiunt,
512 363 542 412 et
554 374 643 425 aurae,

124 459 202 516 Dum
216 459 293 517 favet
306 477 378 528 non,¹
393 469 423 514 et
434 459 545 515 Venus:
567 459 591 528 1,
606 456 728 514 secundo

124 561 241 633 Omine,
264 570 302 631 et,
314 560 398 617 nostri
410 579 574 631 memorem,
587 559 712 636 sepulcro

278 663 375 740 Scalpe
389 659 538 738 querelam*

411 1039 519 1105 ODE
558 1048 625 1106 XII.
741 1059 743 1068 ’

396 1216 438 1256 ΑΙ)
468 1217 643 1256 NEOBULEN.

126 1400 319 1458 Mrsnnrnurr
342 1402 390 1473 est,
416 1421 468 1460 nec
484 1402 586 1461 Amori
607 1403 674 1460 dare
691 1402 800 1473 ludum,
825 1419 917 1476 neque
986 1398 988 1404 ’

238 1504 318 1589 dulci

124 1605 202 1663 Mala
214 1606 281 1664 vino
293 1607 393 1677 lavere,
404 1617 463 1688 ⁴aut
474 1607 629 1666 exanimari
641 1615 801 1666 metuentes

199 1710 309 1766 Patruae
321 1711 435 1767 verbera
448 1709 562 1792 linguas.

122 1913 188 1970 ‘llbi
201 1915 320 1989 qualum
332 1905 482 1990 Cytheieae
494 1885 566 1992 ouer
575 1905 639 1988 ales,
661 1915 714 1972 tibi
728 1903 805 1985 telas,

123 2015 309 2092 Operosaeque
322 2017 462 2074 Minervae
472 2016 596 2076 studium
609 2019 710 2090 aufert,
723 2019 754 2076 N
755 2019 864 2088 eobule,
933 2028 935 2032 '

197 2118 319 2194 Liparaei
332 2118 407 2180 nitor
421 2118 525 2176 Hebri:

121 2323 210 2381 Simul
221 2325 319 2382 unetos
332 2305 474 2382 Tiberinis
487 2325 620 2382 humeros
631 2324 700 2402 lavit
712 2325 743 2383 in
753 2325 846 2396 undis,

120 2428 212 2502 Eques
223 2426 283 2503 ipso
293 2425 394 2484 melior
406 2426 631 2502 Bellerophonte,
653 2446 746 2503 neque
758 2448 857 2505 pugno

197 2529 302 2605 Neque
316 2529 399 2610 segni
407 2530 479 2604 pede
491 2529 580 2586 vietus
586 2553 594 2598 5

119 2735 207 2792 Catus
219 2735 297 2791 idern
310 2753 361 2810 per
373 2742 502 2810 apertum
512 2733 654 2809 fugientes
667 2733 775 2810 agitato

119 2837 214 2914 Grege
227 2855 321 2894 cervos
330 2835 457 2912 jaculari,
478 2845 508 2892 et
521 2836 594 2894 celer
607 2845 667 2893 arto
677 2836 838 2896 latitantem

196 2938 340 2997 Frutieeto
351 2939 479 3016 excipere
497 2957 604 3014 aprum.
