2232 3714
366 293 372 310 .
406 253 500 312 LIB.
526 255 577 314 IV.
616 254 655 312 iv.

168 378 231 435 Ceu
244 377 362 436 flamma
375 399 426 455 per
437 382 531 452 taedas,
552 382 596 438 vel
609 381 701 440 Eurus

207 483 259 538 Per
272 481 377 540 Siculas
389 483 528 558 equitavit
540 484 637 541 undas.

128 685 190 742 Post
202 683 257 742 hoc
270 685 501 764 secundisusque
513 689 654 748 laboribus
749 699 751 702 '

129 787 256 846 Romana
269 791 357 865 pubes
370 790 471 860 crevit5
496 799 533 859 et,
554 791 643 868 impio

164 890 280 948 Vallata
294 893 446 948 Poenorum
459 893 594 963 tumultu,

203 993 280 1052 Fana
294 996 359 1052 deos
372 985 495 1052 habuere
508 997 613 1052 rectos:

126 1197 265 1273 Dixitque
275 1199 391 1256 tandem
401 1201 527 1275 perfidus
540 1199 680 1260 Annibal:

126 1299 219 1371 Cervi,
239 1301 371 1376 lupomm
383 1303 477 1376 praeda
488 1303 642 1378 rapacium,

164 1403 308 1460 Sednmur
320 1403 405 1472 ultr0‚
426 1403 495 1479 quos'
509 1396 621 1479 opimus

202 1505 317 1577 Fallere,
337 1516 367 1563 et
379 1505 513 1582 effugere,
534 1508 573 1564 est
587 1507 756 1586 triumphus.

124 1709 211 1780 Gens,
232 1729 305 1786 quae,
326 1721 450 1768 cremato
464 1712 544 1768 fortis
557 1715 593 1770 ab
606 1713 669 1785 Ilio,

123 1811 232 1888 Jadlata
243 1812 342 1869 Tuscis
356 1815 514 1888 aequoribus
528 1815 613 1887 sacra,

160 1915 317 1990 Notosque,
338 1926 518 1991 maturosque
532 1925 632 1992 patres,

198 2017 318 2076 Pertulit
335 2016 471 2076 Ausonias
484 2020 520 2076 ad
533 2021 629 2079 urbes:

121 2221 206 2279 Duris
217 2231 252 2279 ut
263 2221 322 2278 ilex
334 2221 415 2279 tonsa
427 2222 597 2298 bipennibus

120 2325 220 2402 Nigrae
232 2323 320 2381 feraci
331 2324 439 2381 frondis
450 2325 481 2380 in
494 2324 612 2402 Algido,

157 2430 211 2488 Per
223 2429 335 2496 damna,
355 2444 405 2503 per
414 2427 514 2496 caedes,
535 2429 570 2484 ab
582 2427 645 2504 ipso

196 2527 286 2587 Ducit
298 2541 363 2604 opes
376 2528 561 2604 animumque
574 2529 656 2590 ferro.

119 2732 188 2792 Non
198 2733 299 2808 Hydra
309 2731 383 2788 sedo
395 2749 510 2807 corpore
522 2731 630 2789 firmior

118 2833 204 2893 Vinci
216 2834 360 2891 dolentem
373 2831 460 2890 crevit
471 2833 502 2889 in
516 2833 684 2904 Herculem3

155 2939 350 2997 Monstrumve
361 2936 522 2994 summisere
534 2936 635 2994 Colchi

195 3039 299 3118 Majus,
319 3039 498 3098 Echioniaeve
510 3039 627 3098 Thebae.
650 3089 652 3094 .
