2232 3714
201 271 256 320 122
439 263 751 333 CARMINUM,

237 391 385 466 Ridetque,
407 391 426 448 s1
441 391 566 449 mortalis
578 391 654 449 ultra

275 492 327 550 Fas
340 492 471 570 trepidat.
511 493 599 551 Ortod
610 493 694 564 adest,
715 501 862 552 memento

147 713 150 720 ·
197 699 374 774 Componere
387 717 496 775 aequus:
519 708 619 758 caetera
631 700 758 758 fluminis

197 801 267 859 Ritu
279 802 417 872 feruunu,
438 821 514 858 uuuc
527 801 622 861 medio
635 803 714 860 alveo

235 904 311 962 Cum
323 923 392 980 pace
403 905 556 962 delabentis
569 904 720 962 Etruscum

273 1007 309 1064 In
322 1025 413 1076 mare3
434 1025 511 1062 nunc
523 1005 628 1082 lapides
641 1006 757 1080 adesos,

197 1210 356 1286 stirpesque
367 1219 468 1286 raptas,
489 1219 518 1268 et
530 1229 623 1287 pecus,
644 1219 673 1268 et
686 1211 794 1282 domos,

195 1312 343 1371 Volventis
356 1332 422 1383 una,
442 1331 500 1369 non
513 1313 571 1370 fine
584 1311 726 1371 montium

225 1415 376 1486 Clamore,
395 1415 552 1490 viciuaeque
565 1415 649 1486 filvae,

274 1519 351 1576 Cum
363 1517 422 1574 sera
438 1516 555 1575 diluvies
569 1517 679 1594 quietos

195 1724 291 1784 Irritat
303 1743 408 1781 amnes.
448 1723 501 1781 Ille
513 1731 612 1800 potens
624 1724 676 1795 sui,

195 1829 346 1902 Laetusque
358 1827 451 1902 deget,
471 1825 518 1883 cui
530 1825 597 1882 licet
609 1824 640 1882 in
653 1825 730 1884 diem

234 1928 351 1998 Dixilse,
363 1927 446 1986 Vixi:
468 1945 527 1984 cras
539 1928 584 1984 vel
597 1928 658 1985 atrd

273 2031 360 2089 Nube
372 2030 471 2106 polum
482 2037 562 2104 pater
574 2037 722 2106 occupato,

196 2237 251 2295 Vel
264 2236 321 2295 sole
332 2255 402 2312 puro
407 2259 416 2304 i
438 2252 497 2291 non
509 2242 605 2291 tamen
617 2233 729 2293 irritum

198 2340 398 2414 Quodcunque
410 2344 484 2394 retro
496 2336 535 2394 est
546 2336 652 2395 efficiet
658 2363 666 2409 3
690 2357 782 2414 neque

235 2441 385 2516 Diffinget‚
404 2439 598 2514 infedumque
609 2440 715 2509 reddet,

276 2543 363 2602 Quod
374 2541 485 2618 fugiens
495 2540 580 2598 semel
592 2540 661 2599 hora
673 2542 761 2600 vexit.

198 2749 330 2816 Fortuna,
351 2744 423 2802 saevo
434 2744 499 2801 laeta
512 2744 636 2820 negotio,
656 2753 686 2802 et

198 2850 313 2909 Ludum
324 2847 490 2905 insolentem
501 2847 600 2906 ludere
612 2848 750 2924 pertinax,

236 2953 419 3010 Transmutat
429 2949 548 3007 incertos
561 2949 679 3008 honores
685 2975 694 3021 5

277 3053 366 3112 Nunc
377 3051 458 3124 mihi,
478 3071 555 3111 nunc
567 3052 625 3126 alii,
636 3051 769 3130 benigna.
