2232 3714
174 257 230 310 140
411 255 719 329 CARMINUM,

447 541 686 630 onnvm.

425 744 467 783 An
489 746 704 786 CENSORINUM.
804 803 812 812 1

163 904 323 962 Donsnnu
336 912 445 981 pateras
458 915 594 982 grataque
605 905 779 977 commodus,

163 1005 324 1076 Censoriae,
345 1006 415 1064 meis
428 1027 483 1064 aera
497 1008 650 1066 sodalibus:

161 1108 306 1166 Donarem
320 1108 451 1184 tripodas,
471 1109 586 1186 praemia
597 1109 716 1166 fortium

161 1211 328 1282 Graiorum
350 1230 443 1287 neque
456 1220 487 1269 tu
501 1212 618 1288 peffima
629 1230 781 1269 munerum

161 1313 265 1382 Ferrea,
286 1312 373 1370 divite
386 1333 433 1370 me
445 1313 550 1372 scilicet
563 1312 677 1384 artium,
754 1303 757 1314 ’

162 1415 245 1472 Quas
256 1425 305 1472 aut
317 1415 473 1472 Parrhasuts
485 1415 612 1491 protulit,
633 1424 682 1473 aut
696 1417 796 1492 Scopas
802 1441 811 1487 i

162 1516 220 1575 Hic
232 1517 307 1588 saxu,
327 1517 441 1592 liquidis
454 1517 502 1574 ille
516 1518 665 1588 doloribus,

161 1619 250 1677 Solers
264 1638 340 1677 nunc
351 1619 498 1678 hominem
510 1637 624 1696 ponere,
644 1639 721 1676 nunc
734 1621 832 1678 deum.

161 1723 214 1779 Sed
228 1740 286 1779 non
297 1722 358 1778 haec
369 1720 441 1778 mihi
454 1721 509 1778 vis:
532 1740 585 1778 nec
598 1721 651 1778 tibi
665 1722 765 1779 talium

160 1826 216 1882 Re's
228 1825 276 1894 est,
298 1823 479 1894 autminus,
499 1814 666 1881 deliciarum
676 1810 771 1899 egeus.

159 1927 271 1985 Gaudes
285 1924 468 1984 carminibus:
491 1924 616 1982 carmina
628 1925 771 2000 possumus

158 2013 285 2096 Donare,¹
303 2036 332 2084 et
344 2027 469 2103 pretium
481 2025 574 2106 dicere
587 2028 708 2085 muneri.

160 2133 230 2190 Non
243 2129 330 2188 incisa
343 2128 417 2186 notis
430 2147 571 2186 marmora
583 2129 713 2204 publicis,

157 2236 210 2293 Per
222 2253 286 2310 quae
299 2232 419 2308 spiritus,
441 2240 470 2288 et
483 2229 550 2300 vita,
573 2231 645 2288 redit
660 2232 742 2290 bonis

158 2337 220 2394 Post
232 2344 353 2394 mortem
366 2333 497 2403 ducibus3
519 2353 578 2390 non
589 2334 692 2391 celeres
705 2335 791 2411 firgae,

158 2435 335 2515 Rejodtaeque
347 2435 498 2492 retrorsum
511 2434 662 2492 Annibalis
674 2434 776 2508 minae3

157 2541 227 2599 Non
240 2537 371 2596 incendia
383 2534 565 2612 Carthaginis
577 2535 682 2612 impiae,

156 2641 234 2719 Ejus,
244 2675 246 2682 =
255 2641 305 2716 qui
318 2638 426 2700 domita
439 2656 544 2695 nornen
559 2639 594 2694 ab
608 2639 710 2697 Africd

156 2747 293 2804 Lucratns
307 2741 399 2811 rediit,
420 2739 521 2798 clarius
534 2738 664 2798 indicant

155 2848 274 2916 Laudes,
295 2863 382 2920 quam
394 2830 522 2908 Calabrae
535 2840 674 2900 Pierides:
696 2862 797 2920 neque,

155 2949 185 3009 Si
197 2949 301 3006 chartae
315 2946 413 3003 sileant
425 2944 502 3020 quod
514 2945 587 2999 bene
599 2945 708 3016 feceris,

157 3050 323 3109 Mercedem
335 3045 443 3104 tuleris.
483 3044 565 3103 Quid
578 3045 652 3103 foret
664 3047 727 3104 lliae
