2232 3714
183 256 225 329 96
431 254 736 330 CARMINUM‚

185 383 277 440 Audis
291 403 348 459 quo
360 383 476 461 strepitu
484 384 581 462 janua,
602 406 660 462 quo
673 405 773 444 uemua

184 487 263 543 Inter
273 487 392 563 pulchra
405 488 497 545 satum
508 489 582 546 teela
595 488 737 564 remugiat
840 493 842 501 ’

222 588 338 659 Ventis5
360 599 390 646 et
403 590 504 664 politas
517 600 551 648 ut
564 591 667 666 glaciet
679 590 757 648 nives

261 695 334 750 Puro
347 694 465 751 numine
478 694 606 770 Jupiter?

183 900 331 976 Ingratam
343 898 449 955 Veneri
462 917 536 974 pone
549 898 718 974 superbiamp

183 1001 231 1059 Ne
244 1010 374 1058 currente
387 1000 448 1057 rota
461 997 537 1057 funis
550 1009 597 1058 eat
609 1010 690 1057 retro.

221 1104 253 1162 N
253 1123 291 1162 on
304 1115 334 1161 te
346 1104 506 1179 Penelopen
519 1102 667 1160 difficilem
679 1101 770 1179 procis

259 1205 423 1282 Tyrrhenus
437 1204 537 1282 genuit
548 1223 657 1280 parens.

181 1412 220 1482 O,
240 1410 368 1486 quamvis
382 1429 474 1484 unque
487 1417 515 1466 te
528 1429 656 1480 munera,
677 1429 730 1467 nec
742 1428 845 1487 preceS,

182 1514 214 1572 N
215 1533 247 1572 ec
259 1514 364 1570 tinuus
376 1512 451 1569 viola
462 1512 553 1587 pallor
565 1512 731 1581 amantium,

220 1617 252 1674 N
253 1635 285 1673 ee
296 1615 340 1672 vir
350 1615 440 1672 Pieria
452 1613 553 1689 pellice
565 1614 673 1671 saucius

259 1719 375 1787 Curvat‚
395 1715 566 1792 supplicibus
579 1715 635 1772 tuis

180 1927 287 1994 Parcae,
308 1941 360 1979 noc
372 1920 464 1997 rigida
474 1919 587 1976 mollior
599 1920 701 1990 esculo,

180 2027 244 2084 Nec
255 2024 365 2082 Mauris
379 2023 507 2081 animum
519 2021 616 2079 mitior
629 2022 782 2098 anguibus:

218 2127 288 2186 Non
302 2127 356 2183 hoc
370 2125 478 2200 semper
488 2124 541 2181 erit
554 2123 670 2194 liminis,
690 2134 740 2182 aut
753 2144 833 2200 aquae

257 2228 393 2298 Coelestis,
412 2219 522 2303 patiens
535 2226 616 2283 latus.

473 2496 581 2555 ODE
623 2498 676 2553 XI.

438 2664 480 2703 An
508 2663 707 2705 nuncumun.

177 2811 329 2886 Minoum
346 2829 426 2900 (nam
441 2833 469 2883 te
482 2826 580 2883 docilis
593 2826 724 2903 magistro

176 2931 272 2990 Movit
284 2928 431 3004 Amphion
446 2928 552 3004 lapides
565 2930 704 2998 canendo)

175 3035 287 3108 Tuque,
308 3031 425 3098 tellude,
445 3030 571 3088 resonare
582 3032 687 3106 septem

331 3131 441 3188 Callida
454 3131 544 3188 nervis
549 3156 558 3201 5
