2250 3698
395 189 495 248 LIB.
522 189 561 248 11.
601 188 653 250 xii.

130 315 199 374 Non
211 314 321 392 semper
332 314 409 374 idem
421 316 537 374 flon'bus
549 317 588 374 est
602 316 693 376 honor

129 417 240 491 Vernis,
261 438 354 496 neque
366 439 425 476 uno
437 421 519 477 Luna
532 421 634 476 rubens
648 419 721 480 nitet

25 501 28 506 “
166 520 273 578 vanu:
293 520 366 597 'qun
379 521 491 578 aetemis
504 521 645 580 minorem
679 511 682 516 ’
713 526 715 531 ·

205 622 338 718 Confiliie
350 623 479 682 animum
492 624 613 702 fatigas?

128 828 186 885 Cur
198 845 257 885 non
271 826 322 886 sub
335 827 392 885 ant
404 828 450 886 vel
462 829 586 904 platano,
606 827 652 897 vel
664 827 720 888 nto

128 930 209 1000 Pinn,
225 928 351 1007 jacentes
365 931 402 988 fic
413 942 529 1001 temere,
549 941 580 988 et
593 930 655 990 ron

166 1033 261 1091 Canos
272 1034 382 1091 odorati
395 1033 518 1111 capillos,

205 1135 286 1194 Dum
298 1135 374 1207 licet,
394 1135 564 1213 Affyritque
575 1137 664 1196 nardo

129 1342 260 1398 Petamus
272 1342 368 1399 unffi?
390 1339 513 1418 Diffipat
525 1342 614 1402 Euius

21 1445 22 1448 ’
129 1443 216 1501 Curas
228 1444 335 1501 edaces.
376 1443 450 1502 Quis
461 1463 531 1519 puer
541 1463 629 1520 ocyus

94 1584 97 1590 ,
166 1547 332 1624 Restinguet
344 1547 467 1605 ardentis
480 1547 590 1606 Falerni

205 1649 308 1708 Pocula
321 1658 509 1728 praetereunte
520 1650 657 1728 lympha?

131 1853 203 1913 Quis
216 1854 331 1912 devium
343 1855 466 1914 scortum
479 1855 573 1914 eliciet
585 1857 671 1916 domo

130 1958 245 2034 Lyden?
267 1957 384 2027 chum&
405 1957 451 2014 dic
463 1977 525 2034 age,
546 1978 613 2017 cnm
626 1959 686 2038 lyra

165 2061 304 2132 Maturet,
325 2061 501 2136 incomptam
515 2063 644 2120 Lacaenae

205 2165 290 2224 More
302 2183 415 2222 comam
426 2164 546 2240 religata
559 2166 643 2224 nodo.

338 2463 343 2473 ·
421 2439 526 2498 ODE
564 2439 632 2498 XII.
705 2489 709 2495 .

386 2608 428 2647 An
450 2607 661 2648 MAEanA‘rnu.

125 2769 229 2828 Nous
243 2767 329 2845 longa
340 2765 408 2824 ferae
420 2767 495 2825 bella
508 2766 686 2840 Numantiae,

124 2875 190 2932 Nec
200 2874 304 2931 durum
316 2870 501 2940 Annibalem,
522 2890 577 2930 nec
588 2871 716 2932 Siculum
725 2889 814 2946 mere,

125 2978 212 3036 Poeno
224 2993 398 3051 pmpureum
410 2973 556 3050 sanguine,
577 2974 713 3035 mollibus

242 3075 345 3152 Aptari
356 3075 471 3136 citharae
481 3077 582 3146 modis,

889 191 929 266 ἢ
