2250 3698
196 221 236 288 oo
436 199 749 296 cnuumuur,

196 355 312 414 Vivitur
322 372 409 432 parvo
421 355 503 425 bene,
523 353 570 413 cui
583 361 734 429 paternum

197 459 332 536 Splendet
344 458 376 516 in
388 457 486 516 meust
498 456 578 514 tenui
589 455 711 514 salinum
717 479 726 524 ;

198 564 263 623 Nec
273 563 348 622 leves
360 561 472 619 somnos
483 560 578 631 timor,
598 568 649 618 aut
659 556 763 635 cupido

355 665 497 736 Sordidus,
511 663 612 721 aufert.

201 869 282 930 Ouid
295 868 373 927 brevi
386 868 472 926 fortes
480 864 641 942 januarum
653 881 714 921 aevo

202 971 316 1031 Multa?
337 970 407 1049 quid
419 978 506 1027 terras
518 967 574 1026 alio
587 967 711 1024 calentes

200 1075 264 1136 Sole
275 1083 419 1134 mutamus
431 1069 538 1148 patrii?
560 1069 624 1146 quis
636 1067 715 1127 exsul
818 1055 820 1060 ¹

355 1177 390 1234 Se
403 1193 517 1251 quoque
529 1171 623 1250 fugit?

201 1379 317 1440 scandit
329 1386 427 1437 πταίει
438 1375 539 1435 vitiosa
552 1391 637 1434 naves
705 1413 707 1418 -

201 1481 287 1555 Cura,
309 1501 361 1539 nec
375 1490 482 1538 turmas
492 1479 623 1555 equitum
635 1475 785 1554 relinquit5

201 1585 289 1646 Ocior
301 1584 399 1656 cervis,
414 1592 448 1642 et
460 1591 563 1660 agente
575 1581 687 1639 nimbos

358 1687 447 1746 Ocior
459 1687 545 1744 Euro.

202 1897 299 1954 Laetus
310 1893 341 1950 in
354 1890 475 1967 presens
488 1887 601 1946 animus
613 1885 690 1962 quod
701 1883 778 1942 ultra
789 1883 829 1942 est

203 1996 306 2056 Oderit
318 2013 424 2065 curare,
444 2000 474 2050 et
487 2007 581 2049 amara
593 1988 673 2057 lento

202 2097 357 2174 Temperet
368 2091 433 2153 risu.
473 2091 557 2150 Nihil
570 2090 610 2150 est
622 2092 658 2149 ab
671 2088 751 2148 omni

360 2200 445 2256 Parte
456 2198 582 2256 beatum.

204 2401 331 2466 Abstulit
339 2399 453 2472 clnmm
465 2396 521 2456 cito
534 2413 610 2454 more
620 2387 766 2452 Achillem
770 2415 780 2464 3

205 2507 306 2584 longa
317 2502 479 2562 Tithonum
491 2497 597 2557 minuit
608 2496 748 2558 senonas:

205 2609 244 2668 Et
256 2605 329 2668 mihi
340 2604 444 2674 forsan,
464 2601 517 2661 tibi
530 2599 607 2676 quod
620 2596 740 2675 negarit,

361 2705 490 2784 Porriget
501 2704 579 2763 hora.

206 2890 251 2949 Te
263 2893 489 2966 greges‚centu1n
501 2883 658 2960 Sieulaeque
670 2879 792 2938 circum·
920 2927 921 2932 ,

208 2990 343 3070 mugiunt
355 3006 462 3060 vaccae3
483 2985 537 3046 tibi
548 2985 623 3044 tollit
636 2982 784 3050 hinnitum
