2250 3698
398 245 509 310 JLIB.
541 246 588 309 ΙΙ.1
620 247 681 308 xiii.

431 576 535 634 ODE
572 575 657 634 XIII.

141 785 216 844 Iun
229 793 259 844 et
272 785 379 844 nefasto
391 794 421 844 te
434 787 527 863 posuit
539 787 587 844 die

140 887 319 964 Quicunque
329 888 464 965 primum,
484 899 514 947 et
525 888 659 965 sacrilegi
672 888 760 948 manu

180 971 327 1061 Produxit,
347 992 438 1060 arbos,
457 990 489 1048 in
502 993 640 1067 nepotum

219 1091 386 1164 Perniciem,
406 1093 643 1169 opprobriumque
656 1093 739 1171 pagi:

143 1297 230 1356 illum
242 1307 272 1356 et
283 1299 407 1374 parentia
420 1299 587 1358 crediderim
598 1300 642 1358 sui

94 1403 96 1410 '
144 1400 264 1478 Fregisse
275 1401 424 1471 cervicem,
443 1411 473 1458 et
485 1401 640 1478 penetralia

181 1503 310 1579 sparsisse
321 1502 459 1562 noeturno
472 1523 571 1561 cruore

219 1605 360 1682 Hospitis:
382 1605 432 1663 ille
444 1623 552 1664 venena
565 1605 682 1676 Colcha,

143 1802 180 1867 Et
192 1809 328 1887 quicquid
340 1811 461 1889 usquam
472 1812 630 1889 concipitur
642 1811 729 1883 nesae,

142 1913 294 1985 Tmttavit‘
315 1932 383 1990 agro
395 1913 445 1990 qui
457 1913 554 1972 statuit
565 1934 630 1973 meo

180 2019 233 2088 Te,
247 2017 325 2075 triste
337 2017 450 2094 lIgnum
457 2042 465 2088 ;
487 2029 525 2088 te,
539 1995 679 2076 caducum

219 2121 255 2177 In
267 2118 376 2177 domini
389 2129 475 2196 caput
486 2119 671 2182 immerentis.

144 2324 224 2383 Quid
236 2325 355 2401 quisque
366 2323 446 2395 vitet,
467 2344 615 2402 nunquam
630 2325 741 2384 homini
754 2325 819 2385 satir

143 2430 269 2487 Cautum
281 2429 321 2486 est
332 2428 363 2484 in
376 2427 466 2486 horas.
506 2429 613 2487 Navita
626 2431 781 2508 Bosporum
886 2433 890 2440 '

181 2534 284 2590 Poenus
296 2530 488 2608 perhorrescit,
509 2550 602 2608 neque
614 2532 687 2591 ultra

220 2637 306 2693 Caeca
319 2634 403 2692 timet
415 2634 529 2693 aliunde
542 2635 615 2694 sata:

129 2843 131 2848 '
142 2839 229 2900 Miles
241 2840 365 2917 sagittas,
385 2849 414 2897 et
427 2839 547 2898 celerem
559 2839 659 2917 sugam

142 2943 251 3003 Parthie
273 2951 386 3002 catenas
399 2943 526 3014 Parthus,
546 2952 576 3000 et
588 2943 694 3002 Italum

182 3049 293 3105 Robur:
315 3047 363 3103 sod
374 3043 524 3122 improvisa
536 3045 587 3102 leti

221 3149 273 3208 Vis
284 3150 377 3228 rapuit
390 3149 534 3226 rapietque
548 3155 654 3227 gentes.

888 243 943 306 '62
