2232 3714
339 251 554 313 nronou
593 253 758 313 mann.
891 203 943 321 ni

145 373 204 432 Hic
215 375 313 434 tertius
326 377 495 451 December,
515 399 551 438 ex
564 399 622 456 quo
634 379 727 438 destiti

184 479 301 536 Inachii
314 481 415 553 furere,
435 481 520 559 sylvis
533 482 671 540 honorem
684 479 802 540 decutit.

145 580 225 638 Heu!
248 602 303 654 me,
323 603 374 660 per
385 586 486 642 urbem
503 586 584 661 (nam
596 585 685 664 pudet
697 582 771 642 tanti
784 581 866 656 mali)

183 685 290 742 Fabula
303 695 410 762 quanta
422 686 479 744 fni!
501 686 696 745 conviviorum
708 684 838 762 poenitet,

143 786 180 842 In
193 787 255 862 quis
269 797 414 846 amantem
427 798 456 846 et
468 788 598 866 languor,
618 797 648 846 et
661 787 813 859 silentium,

124 909 128 916 ·
183 887 299 966 Arguit‚
320 898 350 948 et
361 891 448 948 latere
461 891 566 968 petitus
578 891 637 948 imo
653 889 775 967 spiritus.

144 991 289 1049 Contrane
301 992 413 1050 lucrum
426 993 467 1050 nil
478 994 571 1052 valere
584 993 739 1052 candidum

183 1093 312 1170 Pauperis
324 1094 486 1172 ingenium!
508 1098 644 1172 querebar
656 1095 803 1172 adplorans
817 1094 884 1167 tibi,

143 1193 234 1253 Simul
246 1196 363 1254 calentis
374 1196 578 1256 inverecundus
591 1199 659 1256 deus

182 1298 341 1378 Fervidiora
353 1308 431 1357 mero
443 1319 543 1358 arcana
555 1308 698 1376 promorat
708 1300 780 1359 loco.

143 1399 232 1458 Quod
246 1401 265 1457 fi
280 1401 349 1458 meis
360 1400 488 1460 inaestuat
499 1401 658 1482 praecordiis

181 1503 283 1561 Libera
297 1505 369 1574 bilis,
389 1513 422 1562 ut
433 1504 495 1562 haec
508 1504 620 1581 ingrata
631 1504 723 1563 ventis
736 1503 844 1563 dividat

142 1607 288 1677 Fomenta,
309 1607 411 1664 vulnus
424 1607 465 1664 nil
479 1607 589 1665 malum
602 1607 739 1679 levantia,

182 1709 297 1766 Desinet
309 1708 463 1785 imparibus
475 1717 581 1768 certare
593 1709 750 1770 summotus
762 1712 862 1788 pudor.

140 1810 202 1869 Ubi
215 1811 276 1868 haec
289 1811 397 1869 severus
409 1821 437 1869 te
449 1811 543 1888 palam
555 1812 745 1883 laudaveram,

178 1914 271 1992 Jnffus
284 1911 361 1972 abire
373 1915 499 1984 domum,
520 1913 630 1974 ferebar
640 1913 748 1971 incerto
762 1915 835 1990 pede

139 2017 190 2078 Ad
202 2036 260 2075 non
272 2017 376 2076 anticos
388 2016 458 2074 heu!
480 2015 553 2076 mihi
564 2017 662 2092 postes,
683 2025 712 2073 et
724 2017 794 2075 heu!

178 2119 292 2178 Limina
304 2120 382 2189 dura,
403 2119 504 2194 quibus
515 2120 627 2176 lumbos
638 2127 668 2176 et
680 2119 785 2196 infregi
797 2119 879 2180 latru.

138 2224 237 2292 Nunc,
258 2220 402 2299 gloriantis
415 2220 572 2296 quamlibet
586 2221 782 2279 mulierculam

177 2326 299 2385 Vincere
311 2324 440 2394 mollitie,
461 2343 540 2382 arnor
553 2324 663 2402 Lycisci
675 2345 722 2383 me
735 2333 827 2397 tenen

136 2430 226 2488 Unde
237 2427 369 2505 expedire
382 2447 440 2485 non
452 2427 726 2503 amicorum-queant

177 2531 279 2590 Libera
291 2529 414 2601 oonfilia‚
435 2548 488 2588 nec
500 2529 680 2587 contumeliae
692 2549 804 2608 graves,

136 2618 192 2697 Sed
204 2633 274 2694 alius
287 2633 377 2705 ardor,
398 2641 447 2690 aut
459 2633 561 2709 puellae
573 2633 709 2703 candida,

174 2737 238 2798 Aut
250 2735 344 2794 teretis
356 2734 444 2815 pueri,
464 2735 580 2811 longam
592 2735 752 2795 renodantis
765 2755 886 2798 comam.
