2232 3714
447 285 617 346 utu-lv.
656 283 714 340 ir.⁴

171 410 365 489 Mavortisque
377 432 456 490 puer,
477 413 498 470 fi
512 411 690 470 taciturnitas

172 515 305 574 Obstaret
317 514 425 572 meritis
437 515 534 572 invida
548 512 684 571 Romuli?

69 618 71 620 ’
172 620 309 695 Ereptum
323 617 428 695 Stygiis
440 617 572 674 fluetibus
585 617 711 673 AEacum

173 721 280 791 Virtus,
301 729 330 778 et
343 721 431 790 favor,
451 729 480 776 et
493 719 590 796 lingua
603 715 765 793 potentium

172 824 292 892 Vatum,
305 821 439 880 divitibus
452 821 594 879 consecrat
606 818 712 877 insulis.

175 925 306 1002 Dignum
318 925 402 981 laude
415 922 508 980 virum
520 923 605 980 Musa
615 931 693 979 vetat
705 919 777 978 mori
781 945 791 992 i

176 1029 258 1104 Coelo
271 1027 354 1084 Musa
368 1029 447 1084 beat·
482 1026 526 1083 Sic
539 1025 615 1102 Jovis
626 1023 740 1082 interest

177 1129 291 1206 Optatis
303 1129 392 1205 epulis
403 1127 525 1204 impiger
538 1127 691 1184 Hercules:

179 1233 296 1290 Clarum
308 1230 480 1308 Tyndaridae
494 1229 566 1286 fidus
580 1231 616 1286 ab
626 1226 733 1286 infimis

180 1334 299 1392 Ouaffas
312 1333 436 1410 eripiunt
448 1331 605 1407 aequoribus
616 1339 703 1387 rates:

181 1439 306 1498 Ornatus
318 1436 401 1496 viridi
413 1445 540 1511 tempora
551 1432 696 1509 pampino,

182 1541 267 1601 Liber
276 1550 341 1602 vota
353 1542 442 1598 bonos
453 1535 533 1596 ducit
544 1537 581 1592 ad
593 1533 694 1592 exitus.

486 1881 591 1939 ODE
625 1879 677 1939 IX.

470 2072 512 2112 An
533 2070 688 2112 Louutuu.

75 2253 79 2260 '
187 2254 237 2315 Ns
249 2255 323 2314 forte
334 2253 430 2312 credas
439 2253 597 2326 interitura,
616 2273 681 2330 quae

188 2360 287 2436 longe
299 2357 446 2416 sonantem
459 2365 540 2414 natus
554 2357 590 2414 ad
602 2349 752 2427 Aufidum,

226 2459 297 2519 Non
309 2470 375 2518 ante
387 2459 514 2536 vulgatas
528 2478 579 2536 per
591 2465 664 2516 artes

264 2565 359 2622 Verba
371 2563 471 2639 loquor
482 2561 611 2620 socianda
624 2560 734 2620 chordis
739 2584 748 2631 ;

190 2770 268 2841 Non,
289 2769 310 2826 fi
322 2767 426 2844 priores
439 2764 582 2824 Maeonius
596 2772 675 2823 tenet

191 2873 274 2933 Sedes
286 2873 437 2941 Homerus,
456 2869 609 2926 Pindaricae
621 2868 720 2939 latent,

231 2977 363 3050 Ceaeque,
383 2982 413 3031 et
425 2970 515 3032 Alcaei
527 2969 659 3039 minaces,

270 3075 474 3152 Stefichorique
486 3092 587 3152 graves
599 3074 752 3132 Camoenae.

907 282 966 333 1141
