2250 3698
414 197 505 258 LIB.
531 198 586 258 111.
625 217 653 260 v.

171 324 272 396 Foedis,
294 332 324 382 et
335 324 466 401 exemplo
478 323 602 383 trahenti

209 427 368 488 Perniciem
379 427 494 487 veniens
506 428 538 486 in
550 447 658 498 aevum3

134 632 165 692 Si
175 651 234 691 non
246 633 350 710 petiret
361 631 566 692 immiserabilis

134 735 255 814 Captiva
267 737 365 813 pubes.
406 735 491 812 Signa
504 753 558 811 ego
570 733 682 796 Punicis

171 837 272 900 Affixa
283 837 415 908 delubris,
434 847 464 922 et
477 856 555 896 anna

211 939 355 999 Militibus
369 939 426 998 fine
439 939 526 1010 eade,
546 938 627 1010 dixit,

134 1145 259 1220 Derepta
270 1141 343 1202 vidi:
364 1141 424 1209 vidi
435 1162 490 1220 ego
502 1142 610 1204 civium

135 1246 251 1304 Retorta
264 1254 344 1323 tergo
356 1245 470 1304 brachia
482 1245 580 1315 libero,

174 1351 324 1423 portasque
335 1367 394 1406 non
406 1347 519 1419 clausas,
539 1358 569 1406 et
580 1366 645 1406 arva

212 1451 308 1508 Marte
320 1450 375 1508 coli
386 1451 519 1527 populata
532 1451 633 1508 nostro.

135 1655 216 1714 Auro
228 1654 359 1731 repensus
373 1653 479 1712 scilicet
491 1653 581 1712 acrior

136 1759 221 1818 Miles
231 1759 347 1816 redibit!
370 1758 480 1836 flagitio
494 1757 595 1814 additis

174 1863 336 1919 Damnum:
359 1879 451 1936 neque
464 1859 573 1916 amissos
585 1859 690 1918 colores

213 1966 295 2022 Luna
308 1963 394 2020 refert
406 1962 549 2024 medicata
563 1963 629 2021 fuco
635 1987 644 2031 3

135 2171 200 2230 Nec
213 2189 278 2228 vera
290 2169 386 2240 virtus,
407 2188 475 2226 cum
487 2167 572 2225 semel
584 2165 698 2238 excidit,

136 2267 231 2331 Curat'
239 2272 338 2349 reponi
351 2269 542 2328 deterioribus.

174 2373 205 2432 Si
213 2383 323 2451 pugnat
337 2370 472 2432 extricata
486 2371 576 2428 denfis

214 2476 304 2534 Cerva
317 2475 417 2551 plagis,
438 2474 492 2532 erit
503 2473 553 2532 ille
564 2472 653 2544 fortis,

138 2681 199 2738 Qui
211 2680 325 2757 perfidis
337 2679 366 2738 se
379 2678 498 2738 credidit
508 2679 631 2738 hostibus
637 2703 646 2748 3

136 2786 174 2843 Et
186 2785 282 2843 Marte
295 2786 393 2841 Poenos
403 2791 526 2860 proteret
538 2782 635 2853 altero,

178 2887 239 2945 Qui
250 2888 310 2946 lora
322 2885 450 2956 remittis
463 2884 573 2942 lacertis

216 2989 305 3046 Sensit
315 2988 397 3060 iners,
418 2985 571 3061 timuitque
583 2995 716 3044 mortem.

890 199 927 265 87
