2250 3698
177 227 217 284 24
419 219 728 289 CARMINUM,

216 349 254 406 Et
267 347 375 406 scindat
387 347 542 406 haerentem
554 365 687 404 coronam

256 449 397 522 Crinibus,
417 450 646 526 immeritamque
657 448 769 506 vestem.

448 871 514 929 OD
527 872 552 928 E
589 871 702 928 XVIII.

487 1096 528 1134 An
543 1095 663 1134 VARUM.

176 1283 328 1352 Nonnau,
341 1283 427 1352 Vare,
441 1279 517 1338 sacra
527 1281 584 1338 vite
597 1281 673 1358 prius
684 1279 784 1338 severis
797 1281 927 1341 arborem

178 1385 260 1442 Circa
273 1384 343 1442 mite
354 1384 446 1442 solum
455 1384 579 1454 Tiburis,
599 1393 629 1440 et
639 1382 744 1441 moenia
757 1382 852 1440 Catili.

177 1488 261 1545 Siccis
273 1485 369 1544 omnia
383 1507 450 1544 nam
462 1488 532 1544 dura
543 1487 620 1544 Deus
632 1485 789 1562 proposuit3
811 1503 903 1560 neque

177 1591 325 1648 Mordaces
338 1590 419 1648 aliter
429 1589 585 1666 diffugiunt
596 1588 794 1647 solicitudines.

178 1693 252 1750 Quis
272 1693 333 1768 post
353 1692 420 1750 vina
438 1711 553 1768 gravem
572 1691 705 1748 militiam
725 1698 774 1748 aut
791 1689 957 1766 pauperiem

255 1797 366 1871 crepat?

177 1897 250 1955 Quis
263 1917 321 1954 non
339 1906 367 1953 te
380 1895 483 1972 potius,
503 1895 612 1952 Bacche
629 1902 718 1970 pater,
738 1903 832 1969 teque,
853 1896 957 1954 decens

253 2000 368 2056 Venus?

174 2104 230 2172 Ac,
246 2121 283 2157 ne
296 2101 359 2177 quis
369 2100 474 2158 modici
486 2100 622 2158 tranfiliat
635 2119 753 2157 munera
764 2097 869 2168 Liberi,

175 2205 334 2261 Centaurea
347 2204 446 2261 monet
459 2223 525 2260 cum
538 2203 664 2280 Lapithis
676 2201 736 2260 rixa
748 2200 830 2278 super
840 2221 920 2259 mero

175 2307 337 2364 Debellata:
361 2317 461 2363 monet
473 2305 607 2362 Sithoniis
620 2324 678 2361 non
691 2304 759 2361 levis
770 2303 859 2361 Euius
865 2329 874 2375 5

175 2409 251 2472 Cum
264 2409 305 2464 fas
316 2418 402 2484 atque
415 2409 494 2464 nefas
506 2407 610 2484 exiguo
621 2408 679 2464 fine
691 2405 844 2464 libidinum

174 2510 345 2568 Discernnnt
358 2510 441 2568 avidi.
482 2511 552 2568 Non
562 2529 616 2586 ego
629 2519 666 2578 te,
681 2509 800 2566 candide
813 2509 953 2580 Baffareu,

174 2613 301 2670 Invitum
314 2613 440 2689 quatiam
446 2637 454 2683 3
477 2631 530 2669 nec
541 2611 624 2668 variis
635 2612 723 2669 obfita
737 2613 883 2669 frondibus

175 2717 232 2772 Sub
245 2716 343 2773 divum
355 2715 476 2791 rapiam:
498 2715 569 2772 saeva
582 2724 647 2772 tene
658 2734 725 2772 cum
735 2713 904 2792 Berecyntio

175 2819 271 2876 Cornu
282 2829 426 2895 tympana,
448 2838 511 2893 quae
524 2817 701 2893 subsequitur
710 2837 800 2874 caecus
812 2837 892 2875 amor
902 2817 955 2889 sui,

174 2921 212 2977 Et
223 2921 323 2978 tollens
335 2941 458 2978 vacuum
470 2921 533 2996 plus
546 2921 637 2978 nimio
650 2921 737 2996 gloria
748 2919 894 2990 verticem,

174 3024 336 3100 Arcanique
349 3023 419 3081 fides
428 3022 556 3100 prodiga,
576 3021 744 3098 perlucidior
754 3022 835 3080 vitro.
