2250 3698
382 229 475 290 LIB.
506 233 529 290 1.
569 231 619 292 xii.

103 361 155 420 Ant
164 361 196 419 in
206 359 350 419 umbrofis
360 359 505 420 Heliconis
514 359 579 432 orie,

102 465 155 522 Aut
166 465 250 540 super
263 463 363 534 Pindo,
384 463 512 540 gelidove
523 465 556 522 in
568 461 686 534 Haem03

103 567 179 626 Unde
190 567 321 626 vocalem
333 576 438 626 temere
448 567 583 628 insecutae

251 669 369 746 Orphea
381 670 464 742 filvoe,

101 877 166 934 Arte
177 876 307 934 maternd
319 877 428 954 rapidos
441 885 601 936 morantem

101 977 263 1036 Fluminnm
272 979 372 1055 lapsus,
392 979 549 1056 celeresque
561 989 671 1051 venton5

100 1077 238 1144 Blandum
249 1090 279 1138 et
292 1081 395 1140 auritas
405 1081 509 1140 fidibus
521 1081 629 1141 canoris

252 1183 364 1242 Ducere
376 1201 503 1261 querens.

101 1389 178 1448 Quid
188 1389 267 1466 prius
276 1388 370 1448 dicam
381 1386 469 1448 solitis
477 1399 628 1466 parentum

101 1492 258 1550 Laudibue?
279 1492 330 1569 qui
341 1511 384 1550 ree
396 1492 546 1554 hominnm
557 1511 591 1552 ac
603 1493 730 1568 deornm,

102 1595 160 1654 Qui
172 1611 251 1654 mare
263 1604 294 1652 et
305 1602 400 1668 terrae,
419 1595 557 1674 variisque
567 1597 709 1655 mundum

252 1697 406 1774 Temperat
417 1698 507 1758 horis:

101 1904 185 1963 Unde
196 1903 239 1962 nil
250 1901 340 1980 majus
353 1913 503 1982 generatur
513 1901 584 1981 ipso,

860 235 894 292 15

100 2007 163 2065 Nec
171 2007 252 2084 viget
264 2007 420 2083 quidquam
432 2007 531 2078 fluxile,
551 2015 601 2066 aut
613 2007 783 2068 secundum:
874 2037 876 2042 ·

101 2109 245 2167 Proximos
256 2107 299 2166 ini
312 2117 408 2168 tamen
420 2109 569 2187 occupavit

257 2212 345 2270 Pallas
357 2212 486 2272 honores.

104 2417 208 2476 Pmeliis
219 2417 322 2492 audax,
333 2437 425 2495 neque
436 2427 466 2478 te
476 2419 571 2490 filebo,

104 2519 200 2592 Liber;
221 2529 252 2580 et
263 2520 341 2578 saevis
351 2520 466 2581 inimica
476 2522 558 2598 virgo

105 2621 220 2680 Belluis:
243 2633 346 2696 necte,
366 2625 518 2684 metuende
531 2624 615 2696 certe,

261 2729 375 2800 Phoebe,
395 2727 505 2804 sagitte.

108 2933 208 2992 Dicam
219 2942 250 2991 et
261 2931 394 3007 Alciden,
413 2932 568 3009 puerosque
580 2931 664 2990 Led'ae
670 2955 680 3000 i
740 3019 744 3026 .

109 3035 196 3095 Hunc
206 3036 294 3112 equis,
314 3035 398 3095 illum
407 3035 535 3112 superare
546 3033 652 3113 pugne
