2232 3714
421 225 474 293 EI
486 236 518 294 B.
547 237 599 294 IV.
638 235 678 293 ix.

188 349 300 415 chartis
313 357 477 419 inornatum
490 363 584 434 filebo,

225 461 317 520 Totve
332 472 394 520 tuos
407 463 498 540 patiar
509 465 617 524 labores

146 665 279 741 Impune,
293 667 376 739 Lolli,
398 687 510 745 carpere
523 669 622 726 lividas

149 767 322 826 obliviones.
363 771 410 826 Est
424 770 534 829 animus
547 772 600 828 tibi

187 871 349 946 Rerumque
363 867 494 949 prudens,
515 885 544 930 et
556 873 684 955 secundis

223 975 411 1051 Temporibus
423 976 571 1052 dubiisque
583 995 614 1034 re
619 977 678 1034 eius
688 992 697 1032 ε’

147 1177 261 1236 Vindex
272 1197 360 1237 avarae
374 1181 487 1252 fraudis,
508 1189 538 1239 et
551 1182 699 1252 abstinenS,

138 1265 283 1339 'Ducentis
296 1284 332 1340 ad
346 1283 374 1340 se
387 1285 497 1354 cuneta,
518 1285 645 1360 pecuniae
652 1310 660 1356 ς

185 1386 347 1462 Consulque
360 1406 417 1443 non
431 1387 514 1444 unius
528 1386 604 1457 anni,

224 1489 278 1546 Sed
290 1489 399 1563 quoties
412 1492 502 1546 bonus
516 1499 601 1564 atque
614 1489 688 1546 fidus

144 1693 238 1770 Judex
252 1693 400 1752 honestum
412 1694 537 1771 praetulit
549 1693 623 1764 utili,
644 1702 674 1750 et

146 1796 254 1872 Reiecit
268 1799 325 1855 alto
338 1800 411 1856 dona
428 1798 593 1856 nocentium

183 1901 284 1971 Vultu,
304 1911 333 1958 et
345 1921 395 1977 per
408 1902 546 1959 obstantes
558 1870 684 1959 caterva}

121 2015 123 2022 ’
222 2005 369 2080 Explicuit
381 2004 429 2062 sua
442 2004 531 2062 vibior
545 2023 631 2061 arma.

144 2211 214 2268 Non
228 2210 413 2285 poffidentem
427 2209 517 2266 multa
530 2207 672 2266 vocaveris

144 2305 231 2370 Reebe
244 2315 374 2381 beatum;
396 2313 496 2370 rebius
511 2320 631 2388 occupat

183 2417 300 2473 Nomen
313 2415 398 2484 beati,
420 2415 469 2491 qui
482 2416 600 2472 deorum

222 2517 391 2574 Muneribus
405 2517 544 2592 sapienter
556 2515 609 2586 uti,

145 2717 310 2798 Duramque
323 2722 406 2780 callet
418 2721 581 2798 pauperiem
592 2721 667 2797 pati3

144 2799 280 2900 i'ejusque
293 2824 350 2880 leto
364 2824 507 2900 flagitium
520 2825 610 2880 timet.

184 2928 252 2984 Non
265 2927 313 2984 ille
326 2946 376 3003 pro
389 2927 459 2983 caris
472 2925 578 2997 ermion,

224 3029 285 3087 Aut
297 3029 396 3105 patrib,
415 3029 531 3087 timidus
543 3026 642 3105 perire,
717 3053 718 3058 ¹
