2232 3714
390 255 483 314 nra.
517 259 571 317 111.
611 231 714 322 xxiv(
771 345 773 356 Ι

139 372 225 432 Certo
239 376 345 436 foedere
360 381 476 454 castitas,

178 477 220 533 Et*
227 497 343 553 peccare
357 483 444 554 nefas,
466 495 515 542 aut
527 488 651 562 pretium
664 489 762 548 emori.

137 577 165 634 O
179 581 249 655 quis,
262 584 325 659 quis
340 587 416 643 volet
430 588 532 664 impias

176 685 283 758 Caedes,
304 697 334 744 et
346 691 454 748 rabiem
466 693 565 752 tollere
578 695 710 754 civicam!

136 784 164 841 Si
177 797 284 861 quaeret
298 791 379 848 Pater
387 781 506 866 urbium

173 889 315 949 Subscribi
329 893 433 966 statuis,
453 897 624 956 indomitam
637 901 739 958 audeat

131 989 295 1071 *Refraenare
308 993 462 1069 licentiam,
804 1077 805 1082 ἵ

173 1093 272 1152 Clarus
285 1099 465 1174 postgenitis3
494 1113 632 1177 quatenus
648 1105 717 1182 (heu
728 1106 834 1182 nefasl)

133 1193 280 1254 Virtutem
290 1199 463 1260 incolumem
475 1205 595 1276 odimus,

171 1297 318 1358 Sublatam
332 1322 368 1360 ex
381 1304 469 1362 oculis
482 1308 644 1382 quaerimus,
664 1309 762 1371 invidi.

133 1400 212 1457 Quid
226 1403 313 1461 tristes
326 1407 519 1481 querimoniae,

169 1504 198 1561 Si
211 1524 268 1562 uon
282 1507 418 1584 supplicio
428 1511 511 1586 culpa
522 1513 671 1571 reciditur?

131 1605 210 1663 Quid
222 1607 298 1684 leges
312 1610 369 1668 fine
381 1613 506 1672 moribus
668 1608 670 1612 ¹

166 1709 255 1766 Vanae
268 1695 437 1786 proficiunt,
459 1716 583 1792 fineque
596 1717 710 1776 fervidis

130 1809 193 1867 Pars
207 1811 313 1871 inclusa
327 1815 464 1874 caloribus

163 1914 281 1985 Mundi,
303 1936 356 1973 nec
369 1918 465 1976 Boreae
478 1920 634 1978 finitimum
647 1923 728 1996 latus,

126 2014 299 2092 Durataeque
312 2017 370 2074 solo
382 2020 458 2078 nivea

162 2118 352 2178 Mercatorem
364 2122 501 2198 abigunt?
523 2125 635 2184 horrida
648 2127 742 2185 callidi

123 2217 251 2278 Vincunt
264 2241 375 2298 aequora
389 2224 508 2282 navitae?
726 2288 728 2294 ,

158 2323 302 2400 Magnum
314 2325 458 2401 pauperies
472 2329 653 2403 opprobrium
664 2330 747 2406 jubet

122 2423 243 2482 Quidvis
256 2436 286 2484 et
298 2427 391 2486 facere
404 2437 435 2504 et
446 2429 515 2505 pati,
610 2485 613 2488 .

154 2527 335 2605 Vi'rtutisque
347 2530 423 2587 viam
433 2531 535 2588 deserit
548 2533 651 2590 arduae.

118 2629 173 2685 Vel
186 2649 236 2686 nos
249 2631 279 2687 in
292 2632 474 2706 Capitolium,

157 2735 225 2790 Quo
238 2735 345 2792 clamor
355 2744 445 2805 vocat,
460 2745 489 2792 et
502 2740 584 2798 turba
597 2739 771 2812 faventium3

117 2834 170 2892 Vel
184 2855 234 2893 nos
246 2835 278 2892 in
291 2856 368 2894 mare
381 2837 544 2913 proximum

153 2939 297 3010 Gemmas,
318 2949 348 2996 et
360 2940 474 3016 lapidee,
496 2951 638 2999 autumet
651 2941 763 3016 inutile,

116 3041 225 3099 Summi
238 3043 387 3100 materiem
399 3044 476 3114 mali,

152 3129 312 3219 Mittam'us',
333 3145 469 3206 scelerum
482 3148 588 3207 sibene
604 3148 730 3226 poenitet.

507 3271 518 3308 1

888 271 942 324 113
