2232 3714
337 241 552 308 EPODON
591 243 753 307 LIBER.
839 288 842 298 «
892 243 945 308 163

145 369 222 430 Quae
235 364 322 430 iidem
335 385 485 434 excantata
494 395 563 434 voce
574 367 713 445 Thessali,
994 365 995 368 ¹

180 476 348 552 Lunamque
361 477 432 535 coelo
446 477 557 554 deripit.

144 575 202 634 Hic
215 577 377 636 irresedtum
390 578 461 636 saeva
473 581 558 638 dente
570 579 658 636 livido

181 680 302 738 Canidia
315 683 415 739 rodens
427 683 569 759 pollicem,

141 778 222 842 Quid
235 782 325 841 dixit?
347 793 396 842 aut
409 784 479 860 quid
492 785 597 844 tacuit?
618 785 647 842 O
660 787 742 843 rebus
755 783 825 844 meis

179 883 250 942 Non
262 885 389 944 infideles
402 887 522 960 arbitrae,

140 983 219 1058 Nox,
241 996 270 1044 et
282 987 384 1060 Diana,
406 1009 469 1065 quae
482 991 625 1049 silentium
638 990 721 1068 regis,

180 1090 294 1148 Arcana
307 1111 374 1148 curn
386 1092 462 1150 fiunt
474 1092 563 1164 sacra3

139 1191 173 1251 N
173 1212 229 1250 unc
242 1213 319 1251 nunc
333 1194 438 1252 adeste:
461 1197 581 1252 nuncin
594 1190 705 1253 hostiles
718 1195 815 1254 domos

179 1297 256 1354 Iram
269 1305 354 1372 atque
366 1316 474 1355 numen
486 1296 595 1354 vertite.
708 1281 712 1291 ¹

140 1397 337 1457 Formidolosae
350 1395 420 1458 dum
432 1400 522 1458 latent
535 1400 607 1458 s1lvis
619 1399 695 1470 ferae,

178 1501 267 1560 Dulci
279 1503 375 1578 sopore
387 1501 539 1578 languidae‚

138 1603 240 1662 Senem
254 1605 344 1680 (quod
357 1623 456 1668 omnes
471 1603 594 1678 rideant)
609 1603 769 1662 adulterum

113 1727 117 1734 “
175 1705 294 1766 Latrent
307 1708 461 1766 Suburanae
473 1725 566 1777 canes,

138 1808 238 1870 Nardo
250 1811 428 1886 perunctum,
448 1809 531 1885 quale
544 1828 601 1866 non
614 1809 764 1886 perfeciiua

176 1913 254 1971 Meae
266 1912 419 1972 laborarint
432 1931 541 1969 manus,
619 1959 621 1964 .

16 2037 22 2049 ·
138 2011 220 2074 Quid
232 2015 352 2073 accidit?
373 2033 423 2072 cur
434 2013 493 2072 dira
505 2017 629 2072 barbarae
642 2015 736 2074 minua

175 2117 294 2174 Venena
307 2118 419 2174 Medeae
432 2117 535 2186 valent,

136 2219 251 2279 Quibus
264 2221 411 2296 superbam
424 2219 501 2296 fugit
513 2219 573 2276 ulta
586 2219 725 2295 pellicem,

176 2321 280 2400 Magni
293 2321 422 2380 Creontis
433 2321 521 2379 filiam
528 2347 536 2392 ;

136 2427 214 2485 Cum
226 2425 309 2502 palla,
329 2427 396 2484 tabo
409 2442 512 2482 munus
522 2423 675 2494 imbutum,
696 2443 799 2482 novam

174 2527 311 2586 Incendio
325 2536 444 2603 nuptam
454 2525 582 2585 abstulit?
628 2547 631 2554 ·

136 2630 229 2707 Atqui
242 2650 295 2688 nec
307 2631 403 2701 herba,
423 2649 475 2686 nec
487 2630 576 2686 latens
588 2627 620 2685 in
632 2627 734 2704 asperia

175 2733 268 2791 Radix
280 2731 383 2790 fefellit
395 2751 441 2788 me
454 2731 531 2788 locis.

135 2835 276 2894 Indormit
291 2833 381 2892 undis
394 2831 674 2891 omnimncubilibus

174 2937 326 2997 Oblivione
339 2936 481 3014 pellicum.

136 3040 199 3099 Aht
222 3041 272 3098 ah!
294 3038 400 3100 solutus
413 3038 540 3098 ambulat
551 3037 683 3096 veneticae

174 3143 334 3202 Scientioris
347 3141 479 3201 carmine.
