2232 3714
325 221 542 286 EPODON
581 225 746 286 LIBER.

140 347 175 406 10
189 346 345 425 triumphe!
367 369 420 410 nee
432 352 606 430 Jugurthino
618 373 716 430 parem

181 452 259 509 Bello
273 455 416 528 reportasti
428 455 544 527 ducem3

139 553 246 629 Neque
258 555 436 627 Africanum,
457 557 504 614 cui
516 557 597 634 super
610 557 814 635 Carthaginem

180 655 279 715 Virtus
292 658 451 735 sepulcrum
464 660 599 718 condidit.

140 759 230 818 Tetri
242 761 369 837 marique
381 762 480 830 vibius,
500 763 584 820 hostis
595 762 701 820 Punico

114 939 117 948 ἱ
181 863 316 939 Lugubre
329 863 452 921 mutavit
464 863 563 942 sagum
569 890 578 935 ;

140 963 203 1022 Aut
216 963 265 1022 ille
277 974 394 1023 centum
406 966 532 1024 nobilem
545 968 661 1026 Cretam
673 967 789 1028 urbibus

180 1067 283 1126 Ventis
293 1069 384 1126 iturus
397 1089 454 1126 non
467 1069 538 1138 suis;

141 1169 314 1229 Exercitatas
328 1181 378 1229 aut
387 1171 459 1248 petit
472 1173 565 1248 Syrtes
578 1173 672 1243 N0t03

180 1275 243 1332 Aut
255 1275 345 1331 fertur
357 1273 465 1331 incerto
477 1274 557 1331 mari.

141 1375 308 1453 Capaciores
320 1375 389 1433 affer
402 1375 468 1446 huc,
488 1395 565 1452 puer,
586 1377 713 1453 scyphos,

180 1479 242 1536 Aut
255 1477 328 1535 Chia
340 1478 415 1548 vina,
435 1486 485 1536 aut
498 1479 599 1536 Lesbia
606 1503 615 1549 3

141 1580 206 1650 Vel,
226 1581 302 1656 quod
314 1579 452 1637 fluentem
465 1580 597 1638 nauseam
609 1591 744 1653 coereeat,
853 1641 857 1650 ,

180 1681 285 1739 Metire
296 1681 375 1740 nobis
389 1684 553 1740 Caecubum.

142 1786 258 1855 Curam,
279 1793 447 1861 metumque
458 1784 575 1844 Caesaris
588 1804 691 1859 rerum,
701 1784 784 1862 juvat

181 1887 268 1956 Dulci
281 1889 366 1963 Lyaeo
379 1887 492 1946 solvere.

452 2208 555 2266 ODE
591 2210 628 2268 X.

440 2407 474 2445 IN
496 2407 643 2447 MAEva.

141 2589 239 2648 Muri
253 2589 343 2649 soluta
356 2591 433 2648 navis
447 2592 508 2650 exit
520 2593 596 2663 alite,

180 2693 281 2749 Ferens
294 2693 418 2751 olentem
430 2694 578 2752 Maevium.

140 2797 185 2858 Ut
196 2796 315 2855 horridis
327 2807 479 2874 utrumque
492 2800 618 2855 verberes
630 2798 713 2868 latus,

89 2915 96 2932 ·
179 2900 290 2971 Auster,
310 2909 454 2958 memento
466 2899 599 2958 flufiibus
604 2923 613 2969 3

139 3001 233 3078 Niger
244 3004 376 3061 rudentes
388 3004 488 3072 Eurus,
507 3002 617 3060 inverso
628 3001 711 3074 mari,
829 3017 839 3053 r

178 3105 345 3182 Frauoeque
356 3123 449 3164 remos
461 3102 572 3162 differat
577 3127 586 3176 3

888 225 944 299 ¹⁶9
