2250 3698
388 260 485 321 LIB.
511 260 552 320 II:
591 261 669 322 xviii,

392 587 420 645 Ο
434 589 462 646 D
476 589 500 646 E
538 591 650 648 XVIII.

122 787 196 846 Nou
209 791 289 859 ebur,
311 807 405 866 neque
418 811 538 850 aureum

159 891 228 948 Mea
244 891 356 950 renidet
369 893 399 950 in
413 896 498 952 domo
517 896 633 954 lacunar
638 921 647 970 3

121 991 187 1050 Non
200 997 293 1052 trabes
307 995 466 1072 Hymettiae

158 1097 295 1174 Premunt
307 1099 452 1158 columnas
471 1101 574 1159 ultima
587 1102 686 1162 recisas

120 1201 227 1272 Africa,
249 1186 450 1279 neque'Attali

157 1305 277 1380 Ignotus
290 1305 370 1377 heres
384 1307 493 1383 regiam
506 1309 655 1384 occupavi5

121 1406 183 1463 Nec
197 1407 352 1465 Laconicas
365 1409 438 1466 mihi

157 1511 291 1568 Trahunt
304 1512 427 1587 Iponestae
440 1533 577 1591 purpuras
590 1515 711 1576 clientae.

121 1612 162 1670 At
175 1613 253 1682 fides,
275 1624 304 1671 et
318 1615 416 1692 ingeni

157 1717 285 1794 Benigna
299 1739 370 1792 vena
390 1721 453 1792 cst3¹
464 1740 673 1797 pauperemque
686 1721 762 1780 dives
862 1765 868 1803 3
901 1695 905 1702 ι

120 1819 170 1877 Me
182 1821 274 1896 petit:
298 1821 372 1878 nihil
386 1822 467 1898 supra
596 1891 599 1898 ¹

156 1923 232 1980 Deos
246 1923 361 1996 lacelI03
383 1943 435 1996 nec
447 1935 595 2001 potentem
608 1927 733 1986 amicum

119 2027 251 2103 Largiora
265 2027 374 2104 flagito,
670 2016 674 2025 ¹

156 2129 227 2186 Satis
241 2132 340 2187 beatus
352 2129 443 2188 unicis
457 2131 575 2188 Sabinis*

117 2231 254 2289 Truditur
267 2233 325 2289 dics
339 2233 393 2302 die,
522 2293 524 2298 ,

154 2337 304 2412 Novaeque
317 2347 440 2413 pergunt
453 2337 569 2395 interire
583 2341 686 2396 Lunae:

117 2439 162 2496 Tu
175 2439 293 2518 secanda
306 2459 447 2497 marmora
616 2439 618 2442 ’

155 2543 244 2599 Locas
257 2541 308 2598 sub
317 2541 413 2622 ⁸ipsum
425 2543 520 2613 funus,
542 2552 579 2612 et,
600 2541 719 2620 sepulcri

116 2647 279 2715 Immemor,
300 2645 379 2702 struis
397 2647 495 2704 domos
500 2671 508 2718 5

55 2797 58 2802 .
153 2747 300 2823 Marisque
312 2747 389 2832 Baiis
401 2749 582 2824 obstrepentis
595 2769 698 2827 urgues

116 2852 297 2908 summovere
310 2850 414 2925 littora,

152 2955 256 3010 Parum
269 2952 392 3028 locuples
403 2951 574 3011 continente
580 2954 650 3030 ripa.

116 3055 206 3126 Ouid,
220 3055 295 3131 quod
306 3055 395 3138 usque
407 3054 550 3132 proxImos

152 3156 276 3217 Revellis
289 3156 508 3244 agrimoniam,
527 3167 558 3216 et
569 3157 645 3218 ultra
