2232 3714
319 301 527 360 EPODON
559 303 715 361 LIBER:

114 417 310 502 Sedilibusque
324 437 444 506 magnus
457 428 488 486 in
501 429 598 506 primis
611 449 704 505 eques,

153 530 270 588 Othone
283 540 455 608 contempto,
477 531 563 590 sedet.

112 632 196 691 Quid
209 633 311 692 attinet
324 643 367 692 tot
380 653 428 692 ora
441 635 558 692 navium
570 633 650 710 gravi

152 736 279 794 Rostrata
292 736 358 794 duci
370 738 493 812 pondere

111 835 221 896 Contra
233 838 359 896 latrones.
367 848 452 915 atque
467 838 596 896 servilem
608 858 734 910 manum,

151 941 226 1014 Hoc,
247 941 301 1000 hoe
314 941 428 1000 tribuno
440 939 582 999 rnilitum?

421 1261 595 1321 nnnv.

298 1459 339 1498 AD
362 1461 522 1501 emman
544 1459 731 1500 vnnnmcmr

110 1645 169 1716 An,
189 1641 218 1703 Ο
231 1645 347 1704 deorum
359 1646 494 1724 quiequid
505 1647 536 1706 in
549 1649 621 1706 coelo
633 1646 706 1724 regit

149 1749 249 1808 Terras
261 1757 290 1807 et
303 1749 461 1808 humanum
474 1751 575 1826 genus!

111 1851 193 1912 Quid
204 1852 254 1910 iste
266 1853 321 1910 fert
334 1854 489 1912 turnultus?
510 1863 541 1922 et
555 1854 624 1930 quid
638 1852 768 1912 omnium

148 1955 253 2012 Vultus
265 1955 296 2011 in
311 1974 400 2013 unum
413 1975 459 2014 me
472 1958 582 2014 truces?

108 2057 162 2114 Per
173 2057 275 2115 liberos
286 2065 324 2128 te,
345 2057 366 2114 sr
376 2067 476 2116 vocata
488 2060 624 2134 partubus

148 2159 257 2217 Lucina
271 2159 340 2217 veris
354 2159 445 2231 affuit,

16 2247 19 2254 ¹
74 2262 76 2269 ’
107 2263 159 2321 Per
171 2262 226 2319 hoe
239 2261 323 2320 inane
335 2281 465 2339 purpurae
479 2262 563 2320 decus
575 2281 681 2339 precor,

146 2366 198 2422 Per
208 2363 435 2440 improbaturum
451 2365 511 2421 haec
523 2366 632 2442 Jovem,

106 2466 189 2530 Quid
200 2475 235 2525 ut
248 2485 366 2524 noverca
378 2485 425 2524 me
437 2465 562 2538 intueris,
583 2477 633 2525 aut
645 2468 689 2526 uti

145 2569 236 2628 Petita
252 2569 326 2626 ferro
338 2569 439 2626 belua?

106 2672 151 2740 Ut
163 2672 225 2729 haec
237 2681 375 2730 tremente
388 2672 500 2747 questus
513 2690 561 2730 ore
573 2673 697 2730 constitit

144 2775 305 2852 Insignibus
317 2773 402 2850 raptis
415 2784 493 2850 puer,

105 2878 228 2956 Impube
239 2897 348 2954 corpus,
369 2877 453 2952 quale
464 2875 552 2953 poffet
565 2876 653 2952 impia

144 2980 259 3038 Mollire
270 2980 415 3038 Thracum
427 2979 539 3055 potiora
545 3003 553 3050 3

104 3083 234 3155 Canidia,
253 3082 383 3141 brevibus
395 3080 539 3158 implicata
551 3080 651 3158 viperis

144 3186 244 3258 Crines
257 3195 287 3246 et
299 3186 458 3246 incomtum
470 3191 565 3261 caput,

493 3305 518 3344 Μ
568 3337 575 3351 f

860 302 922 359 161:
