2250 3698
188 220 229 298 eo
429 219 741 292 clnumulu,

187 346 253 404 Nec
266 344 351 404 saevoe
361 345 506 424 Lapithas,
525 357 556 406 et
568 347 692 406 nimium
702 355 783 405 mero'

188 447 334 524 Hylaeum,
355 450 533 527 domitosque
543 450 685 508 Hemuled
695 468 784 508 manu
891 473 895 478 ·
973 458 985 510 ῥ’

187 550 310 609 Telluris
318 547 445 627 juvenes,
465 555 542 612 unde
553 552 713 628 periculum

304 654 428 731 Fulgens
440 655 613 722 contremuit
625 656 727 717 domus
786 740 794 756 .

188 859 300 918 Saturni
312 861 428 922 veteris:
437 869 539 937 ,tuque
551 858 723 936 pedestribus

184 961 271 1022 Diues
283 963 402 1021 histotiis
414 963 512 1039 proelia
525 962 651 1032 Caeseris,

186 1067 338 1137 Maecenas,
358 1067 458 1124 melius
463 1091 472 1136 5
494 1067 634 1142 duttaque
646 1083 696 1140 per
708 1063 768 1124 viu

301 1172 415 1248 Regum
428 1171 500 1228 colla
513 1169 678 1228 minacium.

183 1376 237 1434 Me
249 1375 345 1433 dulces
358 1375 484 1433 dominae
496 1374 581 1432 Musa
594 1372 752 1451 Lycimniae

184 1479 302 1549 Cautus,
324 1497 371 1534 me
384 1478 475 1535 voluit
487 1477 580 1538 dicere
592 1477 721 1534 lucidum

184 1579 335 1656 Fulgentes
348 1581 453 1650 oculos,
474 1589 504 1638 et
515 1583 589 1637 bene
601 1577 709 1636 mutu‘u

299 1682 403 1740 Fidum
416 1683 515 1758 penus
527 1683 684 1750 amoribus;

183 1889 282 1945 Quem
295 1907 348 1945 uec
359 1888 433 1944 ferre
444 1888 548 1963 pedem
560 1887 692 1944 dedectut
703 1886 805 1955 chous,
829 1869 834 1882 ι

182 1989 247 2047 Nec
259 1999 365 2048 certare
373 1988 448 2066 joco,
468 2007 521 2046 nec
534 1990 600 2046 dare
613 1987 728 2046 brachie

181 2093 343 2152 Ludeutem
357 2091 453 2150 nitidis
465 2091 631 2169 virginibus,
652 2093 730 2150 sucro

299 2195 402 2254 Diauae
416 2195 532 2252 celebris
542 2193 601 2254 die.

179 2399 263 2461 Num
276 2407 317 2468 tu,
339 2418 403 2476 quae
416 2399 509 2457 tenuit
521 2399 598 2456 dives
611 2399 808 2472 Achaemenes,

180 2503 244 2562 Aut
256 2501 370 2578 pinguis
384 2501 514 2578 Phrygiae
528 2500 700 2578 Mygdonias
713 2520 789 2578 opes,

181 2606 344 2663 permutare
356 2603 426 2662 velis
437 2603 514 2660 crine
525 2602 693 2680 Lycimniae,

299 2707 398 2766 Plenas
411 2715 462 2765 aut
474 2707 606 2763 Arabum
618 2706 733 2764 domos?

181 2915 262 2972 Dum
273 2911 424 2988 *flagrantia
438 2913 587 2988 detorquet
600 2912 636 2969 ad
648 2911 741 2970 oscula

182 3015 344 3084 cervicem
366 3023 417 3070 aut
428 3013 506 3070 facili
518 3012 625 3069 saevitid
637 3022 733 3090 negat,
793 3032 795 3036 ·

182 3118 257 3176 Quae
269 3115 402 3194 poscente
414 3114 505 3190 magis
518 3116 641 3191 gaudeat
651 3113 734 3192 en‘pi:

298 3216 448 3274 Interdum
460 3234 558 3292 rapere
567 3226 695 3293 occupat.
