<?xml version="1.0" encoding="UTF-8"?>
<!DOCTYPE html PUBLIC "-//W3C//DTD XHTML 1.0 Transitional//EN"
    "http://www.w3.org/TR/xhtml1/DTD/xhtml1-transitional.dtd">
<html xmlns="http://www.w3.org/1999/xhtml" xml:lang="en" lang="en">
 <head>
  <title>
</title>
<meta http-equiv="Content-Type" content="text/html;charset=utf-8" />
  <meta name='ocr-system' content='tesseract 3.04.00' />
  <meta name='ocr-capabilities' content='ocr_page ocr_carea ocr_par ocr_line ocrx_word'/>
</head>
<body>
  <div class='ocr_page' id='page_1' title='image "./qhoratiiflacci00horagoog_0140.png"; bbox 0 0 2232 3714; ppageno 0'>
   <div class='ocr_carea' id='block_1_1' title="bbox 391 242 753 348">
    <p class='ocr_par' dir='ltr' id='par_1_1' title="bbox 391 242 753 348">
     <span class='ocr_line' id='line_1_1' title="bbox 391 242 753 348; baseline -0.006 0"><span class='ocrx_word' id='word_1_1' title='bbox 391 275 486 348; x_wconf 76' lang='lat' dir='ltr'>nin</span> <span class='ocrx_word' id='word_1_2' title='bbox 510 291 564 348; x_wconf 88' lang='lat'>111.</span> <span class='ocrx_word' id='word_1_3' title='bbox 603 309 672 348; x_wconf 73' lang='lat' dir='ltr'><strong>xxx.</strong></span> <span class='ocrx_word' id='word_1_4' title='bbox 750 242 753 247; x_wconf 29' lang='lat'>¹</span> 
     </span>
    </p>
   </div>
   <div class='ocr_carea' id='block_1_2' title="bbox 139 415 689 802">
    <p class='ocr_par' dir='ltr' id='par_1_2' title="bbox 139 415 689 492">
     <span class='ocr_line' id='line_1_2' title="bbox 139 415 689 492; baseline -0.005 -17"><span class='ocrx_word' id='word_1_5' title='bbox 139 417 236 475; x_wconf 82' lang='lat' dir='ltr'>Laudo</span> <span class='ocrx_word' id='word_1_6' title='bbox 248 424 426 474; x_wconf 84' lang='lat' dir='ltr'>manentem:</span> <span class='ocrx_word' id='word_1_7' title='bbox 448 417 469 474; x_wconf 87' lang='lat' dir='ltr'>fi</span> <span class='ocrx_word' id='word_1_8' title='bbox 482 417 583 474; x_wconf 83' lang='lat' dir='ltr'>celeres</span> <span class='ocrx_word' id='word_1_9' title='bbox 596 415 689 492; x_wconf 84' lang='lat' dir='ltr'>quatit</span> 
     </span>
    </p>

    <p class='ocr_par' dir='ltr' id='par_1_3' title="bbox 139 519 689 597">
     <span class='ocr_line' id='line_1_3' title="bbox 139 519 689 597; baseline -0.004 -19"><span class='ocrx_word' id='word_1_10' title='bbox 139 521 256 591; x_wconf 85' lang='lat' dir='ltr'>Pennas,</span> <span class='ocrx_word' id='word_1_11' title='bbox 277 519 386 597; x_wconf 87' lang='lat' dir='ltr'>refigno</span> <span class='ocrx_word' id='word_1_12' title='bbox 400 540 463 596; x_wconf 84' lang='lat' dir='ltr'>quae</span> <span class='ocrx_word' id='word_1_13' title='bbox 476 521 563 591; x_wconf 88' lang='lat' dir='ltr'><strong>dedit,</strong></span> <span class='ocrx_word' id='word_1_14' title='bbox 583 529 612 578; x_wconf 88' lang='lat' dir='ltr'>et</span> <span class='ocrx_word' id='word_1_15' title='bbox 625 519 689 578; x_wconf 70' lang='lat' dir='ltr'>meb</span> 
     </span>
    </p>

    <p class='ocr_par' dir='ltr' id='par_1_4' title="bbox 176 623 683 802">
     <span class='ocr_line' id='line_1_4' title="bbox 176 623 683 698; baseline -0.004 -18"><span class='ocrx_word' id='word_1_16' title='bbox 176 623 293 681; x_wconf 85' lang='lat' dir='ltr'>Virtute</span> <span class='ocrx_word' id='word_1_17' title='bbox 305 642 352 681; x_wconf 91' lang='lat' dir='ltr'>me</span> <span class='ocrx_word' id='word_1_18' title='bbox 365 623 489 692; x_wconf 85' lang='lat' dir='ltr'><strong>involvo,</strong></span> <span class='ocrx_word' id='word_1_19' title='bbox 510 624 683 698; x_wconf 85' lang='lat' dir='ltr'>probamque</span> 
     </span>
     <span class='ocr_line' id='line_1_5' title="bbox 217 725 646 802; baseline -0.005 -20"><span class='ocrx_word' id='word_1_20' title='bbox 217 725 381 802; x_wconf 88' lang='lat' dir='ltr'>Pauperiem</span> <span class='ocrx_word' id='word_1_21' title='bbox 394 725 452 782; x_wconf 87' lang='lat' dir='ltr'>fine</span> <span class='ocrx_word' id='word_1_22' title='bbox 465 726 530 782; x_wconf 91' lang='lat' dir='ltr'>dote</span> <span class='ocrx_word' id='word_1_23' title='bbox 543 743 646 800; x_wconf 81' lang='lat' dir='ltr'>quaero.</span> 
     </span>
    </p>
   </div>
   <div class='ocr_carea' id='block_1_3' title="bbox 139 927 671 1314">
    <p class='ocr_par' dir='ltr' id='par_1_5' title="bbox 139 927 671 1108">
     <span class='ocr_line' id='line_1_6' title="bbox 139 927 662 1006; baseline -0.008 -18"><span class='ocrx_word' id='word_1_24' title='bbox 139 931 207 988; x_wconf 91' lang='lat' dir='ltr'>Non</span> <span class='ocrx_word' id='word_1_25' title='bbox 220 931 260 988; x_wconf 87' lang='lat' dir='ltr'>est</span> <span class='ocrx_word' id='word_1_26' title='bbox 271 949 378 998; x_wconf 87' lang='lat' dir='ltr'>meum,</span> <span class='ocrx_word' id='word_1_27' title='bbox 399 929 418 986; x_wconf 91' lang='lat' dir='ltr'>fi</span> <span class='ocrx_word' id='word_1_28' title='bbox 432 929 542 1006; x_wconf 84' lang='lat' dir='ltr'><strong>mugiat</strong></span> <span class='ocrx_word' id='word_1_29' title='bbox 554 927 662 984; x_wconf 76' lang='lat' dir='ltr'>Africis</span> 
     </span>
     <span class='ocr_line' id='line_1_7' title="bbox 141 1031 671 1108; baseline -0.009 -17"><span class='ocrx_word' id='word_1_30' title='bbox 141 1033 234 1091; x_wconf 85' lang='lat' dir='ltr'>Malus</span> <span class='ocrx_word' id='word_1_31' title='bbox 246 1031 384 1108; x_wconf 84' lang='lat' dir='ltr'>procellis,</span> <span class='ocrx_word' id='word_1_32' title='bbox 404 1033 439 1090; x_wconf 85' lang='lat' dir='ltr'>ad</span> <span class='ocrx_word' id='word_1_33' title='bbox 452 1032 563 1088; x_wconf 85' lang='lat' dir='ltr'>miseras</span> <span class='ocrx_word' id='word_1_34' title='bbox 576 1049 671 1106; x_wconf 85' lang='lat' dir='ltr'><strong>preces</strong></span> 
     </span>
    </p>

    <p class='ocr_par' dir='ltr' id='par_1_6' title="bbox 178 1131 669 1314">
     <span class='ocr_line' id='line_1_8' title="bbox 178 1131 594 1208; baseline -0.014 -15"><span class='ocrx_word' id='word_1_35' title='bbox 178 1136 341 1204; x_wconf 88' lang='lat' dir='ltr'>Decurrere‚</span> <span class='ocrx_word' id='word_1_36' title='bbox 362 1144 392 1190; x_wconf 90' lang='lat' dir='ltr'>et</span> <span class='ocrx_word' id='word_1_37' title='bbox 401 1133 472 1190; x_wconf 83' lang='lat' dir='ltr'>votis</span> <span class='ocrx_word' id='word_1_38' title='bbox 482 1131 594 1208; x_wconf 79' lang='lat' dir='ltr'>pacisci,</span> 
     </span>
     <span class='ocr_line' id='line_1_9' title="bbox 216 1231 669 1314; baseline -0.009 -21"><span class='ocrx_word' id='word_1_39' title='bbox 216 1231 265 1295; x_wconf 88' lang='lat' dir='ltr'>Ne</span> <span class='ocrx_word' id='word_1_40' title='bbox 278 1235 391 1314; x_wconf 87' lang='lat' dir='ltr'>Cypn&#39;ae</span> <span class='ocrx_word' id='word_1_41' title='bbox 404 1235 553 1312; x_wconf 72' lang='lat' dir='ltr'>Tyriaeque</span> <span class='ocrx_word' id='word_1_42' title='bbox 565 1251 669 1290; x_wconf 80' lang='lat' dir='ltr'>merces</span> 
     </span>
    </p>
   </div>
   <div class='ocr_carea' id='block_1_4' title="bbox 142 1436 714 1820">
    <p class='ocr_par' dir='ltr' id='par_1_7' title="bbox 142 1436 714 1820">
     <span class='ocr_line' id='line_1_10' title="bbox 142 1436 574 1497; baseline -0.014 0"><span class='ocrx_word' id='word_1_43' title='bbox 142 1441 258 1497; x_wconf 86' lang='lat' dir='ltr'>Addant</span> <span class='ocrx_word' id='word_1_44' title='bbox 272 1459 353 1496; x_wconf 86' lang='lat' dir='ltr'>avaro</span> <span class='ocrx_word' id='word_1_45' title='bbox 367 1437 477 1494; x_wconf 87' lang='lat' dir='ltr'>divitias</span> <span class='ocrx_word' id='word_1_46' title='bbox 489 1436 574 1494; x_wconf 83' lang='lat' dir='ltr'>mari:</span> 
     </span>
     <span class='ocr_line' id='line_1_11' title="bbox 142 1537 680 1624; baseline -0.013 -24"><span class='ocrx_word' id='word_1_47' title='bbox 142 1544 217 1600; x_wconf 90' lang='lat' dir='ltr'>Tum</span> <span class='ocrx_word' id='word_1_48' title='bbox 229 1561 284 1624; x_wconf 40' lang='lat' dir='ltr'>mee</span> <span class='ocrx_word' id='word_1_49' title='bbox 307 1541 420 1598; x_wconf 86' lang='lat' dir='ltr'>biremis</span> <span class='ocrx_word' id='word_1_50' title='bbox 432 1538 558 1614; x_wconf 86' lang='lat' dir='ltr'>praefidio</span> <span class='ocrx_word' id='word_1_51' title='bbox 571 1537 680 1613; x_wconf 82' lang='lat' dir='ltr'>scaphae</span> 
     </span>
     <span class='ocr_line' id='line_1_12' title="bbox 179 1641 631 1719; baseline -0.015 -16"><span class='ocrx_word' id='word_1_52' title='bbox 179 1647 290 1704; x_wconf 91' lang='lat' dir='ltr'>Tutum</span> <span class='ocrx_word' id='word_1_53' title='bbox 302 1663 351 1719; x_wconf 91' lang='lat' dir='ltr'>per</span> <span class='ocrx_word' id='word_1_54' title='bbox 363 1643 479 1718; x_wconf 84' lang='lat' dir='ltr'>AEgaeos</span> <span class='ocrx_word' id='word_1_55' title='bbox 492 1641 631 1698; x_wconf 84' lang='lat' dir='ltr'>nunnitus</span> 
     </span>
     <span class='ocr_line' id='line_1_13' title="bbox 218 1728 714 1820; baseline -0.016 -15"><span class='ocrx_word' id='word_1_56' title='bbox 218 1748 298 1806; x_wconf 83' lang='lat' dir='ltr'>Aura</span> <span class='ocrx_word' id='word_1_57' title='bbox 309 1728 390 1815; x_wconf 81' lang='lat' dir='ltr'>feret,</span> <span class='ocrx_word' id='word_1_58' title='bbox 411 1741 594 1820; x_wconf 82' lang='lat' dir='ltr'>geminusque</span> <span class='ocrx_word' id='word_1_59' title='bbox 606 1741 714 1798; x_wconf 83' lang='lat' dir='ltr'>Pollux.</span> 
     </span>
    </p>
   </div>
   <div class='ocr_carea' id='block_1_5' title="bbox 417 2039 653 2097">
    <p class='ocr_par' dir='ltr' id='par_1_8' title="bbox 417 2039 653 2097">
     <span class='ocr_line' id='line_1_14' title="bbox 417 2039 653 2097; baseline -0.013 0"><span class='ocrx_word' id='word_1_60' title='bbox 417 2039 523 2097; x_wconf 90' lang='lat' dir='ltr'>ODE</span> <span class='ocrx_word' id='word_1_61' title='bbox 561 2039 653 2096; x_wconf 88' lang='lat' dir='ltr'>XXX.</span> 
     </span>
    </p>
   </div>
   <div class='ocr_carea' id='block_1_6' title="bbox 143 2195 849 3198">
    <p class='ocr_par' dir='ltr' id='par_1_9' title="bbox 143 2195 817 2374">
     <span class='ocr_line' id='line_1_15' title="bbox 143 2195 817 2272; baseline 0.004 -22"><span class='ocrx_word' id='word_1_62' title='bbox 143 2195 240 2252; x_wconf 80' lang='lat' dir='ltr'>Exnor</span> <span class='ocrx_word' id='word_1_63' title='bbox 255 2203 473 2252; x_wconf 88' lang='lat' dir='ltr'>monumentum</span> <span class='ocrx_word' id='word_1_64' title='bbox 486 2215 540 2253; x_wconf 86' lang='lat' dir='ltr'>aere</span> <span class='ocrx_word' id='word_1_65' title='bbox 551 2195 708 2272; x_wconf 76' lang='lat' dir='ltr'>perennim,</span> <span class='ocrx_word' id='word_1_66' title='bbox 815 2244 817 2254; x_wconf 91' lang='lat'><em>.</em></span> 
     </span>
     <span class='ocr_line' id='line_1_16' title="bbox 143 2297 667 2374; baseline 0.002 -21"><span class='ocrx_word' id='word_1_67' title='bbox 143 2297 298 2374; x_wconf 86' lang='lat' dir='ltr'>Regalique</span> <span class='ocrx_word' id='word_1_68' title='bbox 310 2298 364 2355; x_wconf 91' lang='lat' dir='ltr'>fitu</span> <span class='ocrx_word' id='word_1_69' title='bbox 377 2299 558 2374; x_wconf 83' lang='lat' dir='ltr'>Pyramidum</span> <span class='ocrx_word' id='word_1_70' title='bbox 571 2297 667 2356; x_wconf 85' lang='lat' dir='ltr'>altius:</span> 
     </span>
    </p>

    <p class='ocr_par' dir='ltr' id='par_1_10' title="bbox 143 2399 849 3096">
     <span class='ocr_line' id='line_1_17' title="bbox 144 2399 849 2478; baseline -0.004 -20"><span class='ocrx_word' id='word_1_71' title='bbox 144 2401 231 2458; x_wconf 77' lang='lat' dir='ltr'>Quod</span> <span class='ocrx_word' id='word_1_72' title='bbox 244 2420 301 2457; x_wconf 89' lang='lat' dir='ltr'>nou</span> <span class='ocrx_word' id='word_1_73' title='bbox 314 2400 404 2458; x_wconf 86' lang='lat' dir='ltr'>imber</span> <span class='ocrx_word' id='word_1_74' title='bbox 416 2402 497 2471; x_wconf 81' lang='lat' dir='ltr'>edax,</span> <span class='ocrx_word' id='word_1_75' title='bbox 518 2421 576 2457; x_wconf 90' lang='lat' dir='ltr'>non</span> <span class='ocrx_word' id='word_1_76' title='bbox 589 2399 696 2476; x_wconf 86' lang='lat' dir='ltr'>Aquilo</span> <span class='ocrx_word' id='word_1_77' title='bbox 709 2399 849 2478; x_wconf 85' lang='lat' dir='ltr'>impotem</span> 
     </span>
     <span class='ocr_line' id='line_1_18' title="bbox 143 2503 681 2575; baseline -0.006 -13"><span class='ocrx_word' id='word_1_78' title='bbox 143 2505 226 2562; x_wconf 88' lang='lat' dir='ltr'>Poffit</span> <span class='ocrx_word' id='word_1_79' title='bbox 240 2505 357 2575; x_wconf 86' lang='lat' dir='ltr'>diruere,</span> <span class='ocrx_word' id='word_1_80' title='bbox 378 2515 427 2562; x_wconf 87' lang='lat' dir='ltr'>aut</span> <span class='ocrx_word' id='word_1_81' title='bbox 439 2503 651 2562; x_wconf 86' lang='lat' dir='ltr'>innumerabilis</span> <span class='ocrx_word' id='word_1_82' title='bbox 677 2563 681 2570; x_wconf 70' lang='grc'><em>,</em></span> 
     </span>
     <span class='ocr_line' id='line_1_19' title="bbox 143 2606 803 2683; baseline -0.002 -19"><span class='ocrx_word' id='word_1_83' title='bbox 143 2611 294 2664; x_wconf 89' lang='lat' dir='ltr'>Annorum</span> <span class='ocrx_word' id='word_1_84' title='bbox 307 2606 398 2676; x_wconf 89' lang='lat' dir='ltr'>series,</span> <span class='ocrx_word' id='word_1_85' title='bbox 418 2616 446 2664; x_wconf 93' lang='lat' dir='ltr'>et</span> <span class='ocrx_word' id='word_1_86' title='bbox 459 2608 528 2683; x_wconf 85' lang='lat' dir='ltr'>fuga</span> <span class='ocrx_word' id='word_1_87' title='bbox 541 2619 709 2683; x_wconf 85' lang='lat' dir='ltr'>temporum.</span> <span class='ocrx_word' id='word_1_88' title='bbox 802 2671 803 2674; x_wconf 8' lang='grc' dir='ltr'><strong>Ἴ</strong></span> 
     </span>
     <span class='ocr_line' id='line_1_20' title="bbox 144 2705 750 2785; baseline -0.003 -19"><span class='ocrx_word' id='word_1_89' title='bbox 144 2709 212 2766; x_wconf 92' lang='lat' dir='ltr'>Non</span> <span class='ocrx_word' id='word_1_90' title='bbox 225 2705 317 2766; x_wconf 86' lang='lat' dir='ltr'>omnis</span> <span class='ocrx_word' id='word_1_91' title='bbox 332 2708 442 2780; x_wconf 85' lang='lat' dir='ltr'>moriar,</span> <span class='ocrx_word' id='word_1_92' title='bbox 462 2709 608 2784; x_wconf 88' lang='lat' dir='ltr'>multaque</span> <span class='ocrx_word' id='word_1_93' title='bbox 619 2727 682 2785; x_wconf 87' lang='lat' dir='ltr'>pars</span> <span class='ocrx_word' id='word_1_94' title='bbox 693 2708 750 2765; x_wconf 89' lang='lat' dir='ltr'>mei</span> 
     </span>
     <span class='ocr_line' id='line_1_21' title="bbox 144 2810 755 2886; baseline -0.003 -18"><span class='ocrx_word' id='word_1_95' title='bbox 144 2811 255 2868; x_wconf 85' lang='lat' dir='ltr'>vitabit</span> <span class='ocrx_word' id='word_1_96' title='bbox 268 2811 432 2868; x_wconf 85' lang='lat' dir='ltr'>Libitinam.</span> <span class='ocrx_word' id='word_1_97' title='bbox 471 2812 569 2886; x_wconf 83' lang='lat' dir='ltr'>Usque</span> <span class='ocrx_word' id='word_1_98' title='bbox 582 2830 635 2886; x_wconf 84' lang='lat' dir='ltr'>ego</span> <span class='ocrx_word' id='word_1_99' title='bbox 648 2810 755 2886; x_wconf 56' lang='lat' dir='ltr'>poster&amp;</span> 
     </span>
     <span class='ocr_line' id='line_1_22' title="bbox 144 2912 780 2988; baseline 0 -16"><span class='ocrx_word' id='word_1_100' title='bbox 144 2914 275 2972; x_wconf 81' lang='lat' dir='ltr'>Crescam</span> <span class='ocrx_word' id='word_1_101' title='bbox 295 2913 378 2970; x_wconf 84' lang='lat' dir='ltr'>laude</span> <span class='ocrx_word' id='word_1_102' title='bbox 391 2931 502 2970; x_wconf 87' lang='lat' dir='ltr'>reeens:</span> <span class='ocrx_word' id='word_1_103' title='bbox 524 2915 594 2970; x_wconf 92' lang='lat' dir='ltr'>dum</span> <span class='ocrx_word' id='word_1_104' title='bbox 607 2912 780 2988; x_wconf 85' lang='lat' dir='ltr'>Capitolium</span> 
     </span>
     <span class='ocr_line' id='line_1_23' title="bbox 145 3015 713 3096; baseline -0.009 -19"><span class='ocrx_word' id='word_1_105' title='bbox 145 3021 265 3078; x_wconf 83' lang='lat' dir='ltr'>Scandet</span> <span class='ocrx_word' id='word_1_106' title='bbox 277 3039 342 3076; x_wconf 90' lang='lat' dir='ltr'>cum</span> <span class='ocrx_word' id='word_1_107' title='bbox 357 3018 442 3075; x_wconf 65' lang='lat' dir='ltr'>tacite</span> <span class='ocrx_word' id='word_1_108' title='bbox 454 3017 563 3096; x_wconf 86' lang='lat' dir='ltr'>virgine</span> <span class='ocrx_word' id='word_1_109' title='bbox 574 3015 713 3092; x_wconf 88' lang='lat' dir='ltr'>pontifex,</span> 
     </span>
    </p>

    <p class='ocr_par' dir='ltr' id='par_1_11' title="bbox 146 3118 720 3198">
     <span class='ocr_line' id='line_1_24' title="bbox 146 3118 720 3198; baseline -0.007 -18"><span class='ocrx_word' id='word_1_110' title='bbox 146 3123 239 3194; x_wconf 84' lang='lat' dir='ltr'>Dicar,</span> <span class='ocrx_word' id='word_1_111' title='bbox 261 3141 316 3198; x_wconf 85' lang='lat' dir='ltr'>qua</span> <span class='ocrx_word' id='word_1_112' title='bbox 326 3120 432 3180; x_wconf 87' lang='lat' dir='ltr'>violens</span> <span class='ocrx_word' id='word_1_113' title='bbox 444 3118 576 3196; x_wconf 85' lang='lat' dir='ltr'>obstrepit</span> <span class='ocrx_word' id='word_1_114' title='bbox 588 3119 720 3190; x_wconf 82' lang='lat' dir='ltr'>Aufidus,</span> 
     </span>
    </p>
   </div>
   <div class='ocr_carea' id='block_1_7' title="bbox 0 0 1128 3714">
    <p class='ocr_par' dir='ltr' id='par_1_12' title="bbox 0 0 1128 3714">
     <span class='ocr_line' id='line_1_25' title="bbox 0 0 1128 3714; baseline 0 0"><span class='ocrx_word' id='word_1_115' title='bbox 0 0 1128 3714; x_wconf 95' lang='lat' dir='ltr'> </span> 
     </span>
    </p>
   </div>
  </div>
 </body>
</html>
