2250 3698
376 229 510 272 uostris
532 231 639 272 rosam
660 231 747 274 tuas.
922 208 963 270 vii

163 367 250 439 bavit,
270 367 459 446 mansuraque
482 379 620 448 perpetuo
637 370 768 448 opinatus
784 369 838 441 est3
857 375 963 426 utnon

163 498 250 556 modo
264 497 401 556 Saeculare
413 516 527 558 carmen
548 499 778 576 componendum
798 495 964 575 injunxerit,

164 625 212 684 sed
231 633 262 682 et
274 624 456 686 Vindelicum
468 626 615 686 uuoriam
627 626 737 686 Tiberii
749 626 890 702 Drufique
907 625 966 702 pri·

165 752 331 830 signorum:
364 771 486 829 eumque
506 754 631 830 coe'gerit
653 763 768 830 propter
785 752 849 823 hoc,
876 750 966 810 tn'bua

166 879 325 941 carminum
336 879 424 951 libris,
444 881 579 958 exlongo
591 881 748 952 intervallo,
769 890 905 956 quartum
917 881 967 938 ad·

168 1011 247 1068 dere:
279 1011 340 1086 post
363 1012 510 1070 Sermones
533 1031 647 1088 quoque
668 1012 764 1082 lestos,
795 1011 906 1069 nullam
925 1010 969 1069 sui

169 1138 344 1196 mentionem
364 1139 495 1198 habitam
514 1139 556 1198 ita
577 1140 611 1198 s1t
632 1140 757 1216 questus:
787 1145 806 1172 ⁴‘
820 1139 905 1198 Irasci
922 1159 970 1198 me

170 1271 188 1298 “
202 1264 255 1324 tibi
268 1265 346 1336 scito,
366 1268 443 1341 quod
457 1286 515 1324 non
527 1266 558 1324 in
570 1265 711 1343 plerisque
730 1266 867 1343 ejusmodi
884 1267 970 1344 scrip·

172 1401 190 1428 “
203 1393 239 1452 tis
251 1413 366 1454 mecum
376 1395 552 1471 potissimum
564 1395 695 1472 loquaris.
736 1397 787 1453 An
801 1396 913 1468 vereris,
934 1415 971 1455 ne

172 1523 280 1598 “apud
296 1522 416 1598 posteros
435 1521 489 1580 tibi
509 1521 618 1578 infame
631 1521 674 1592 fit,
694 1523 772 1597 quod
790 1522 910 1582 videaris
927 1523 971 1582 sa·

173 1654 192 1680 “
202 1647 320 1706 miliaria
333 1648 413 1706 nobis
426 1647 480 1706 etse
489 1648 514 1702 l''
535 1646 722 1724 expressitque
735 1651 872 1728 eclogam,
892 1650 971 1730 cujus

173 1774 288 1834 initium
299 1776 347 1846 est,

267 1936 285 1964 “
295 1934 357 1980 Cum
367 1943 399 1978 tot
410 1933 520 1992 sustineas,
536 1943 557 1979 et
568 1943 628 1980 tanta
635 1929 733 1994 ‘negotiu
743 1935 815 1994 solus3

267 2026 284 2058 s‘
295 2023 340 2069 Res
350 2022 417 2068 Italas
426 2021 493 2068 armis
504 2022 590 2078 tuteris,
607 2023 705 2070 moribus
715 2039 787 2083 ornes,

269 2114 287 2142 “
297 2111 390 2171 Legibus
398 2111 510 2167 emendem
530 2111 553 2156 in
564 2110 649 2172 publica
659 2113 776 2160 commoda
786 2127 882 2174 peccem,

178 2209 180 2214 '
217 2258 218 2261 Ἴ
268 2201 286 2229 ‘⁴
297 2200 320 2246 Si
330 2201 395 2258 longo
405 2199 502 2246 sermone
513 2209 752 2264 morertuaternpora,
769 2201 870 2248 Cacsar.¹’

176 2341 310 2400 Horatius
332 2342 433 2400 habitu
453 2343 576 2419 corporis
596 2342 688 2401 brevis
710 2342 776 2414 fuit,
801 2351 887 2418 atque
905 2346 972 2402 obe·

176 2471 234 2530 sus:
256 2471 348 2549 qualis
361 2471 378 2530 i
390 2471 418 2530 se
430 2470 491 2548 ipso
502 2479 532 2528 et
544 2471 575 2527 iu
584 2470 689 2548 Satyris
702 2470 876 2542 describitur,
896 2481 926 2530 et
939 2475 976 2531 ab

178 2590 306 2680 Augusto
324 2600 378 2657 hbe
391 2599 518 2676 epistols:
542 2599 693 2684 “Pertulit
711 2600 747 2657 ad
765 2618 811 2657 me
824 2600 976 2678 Dionysius

180 2728 340 2786 “libellum
353 2734 436 2785 tuum
442 2751 451 2797 3
467 2745 554 2802 quem
567 2745 630 2801 ego,
645 2743 682 2782 ne
695 2725 823 2784 accusem
836 2735 874 2798 te,
886 2749 976 2805 quan-

180 2856 397 2931 “tuluscunque
419 2854 467 2923 est,
496 2850 565 2909 boni
585 2851 709 2909 consulo.
754 2853 855 2912 Vereri
880 2867 977 2918 autem

179 2983 283 3040 “urilri
303 2982 414 3053 videris,
439 2999 475 3038 ne
496 2977 614 3056 majores
631 2977 720 3036 libelli
741 2979 784 3038 tui
805 2981 869 3054 fint,
889 3003 977 3059 quam

182 3115 199 3143 “
211 3109 271 3188 ipse
286 3129 332 3182 θος
359 3109 417 3181 sed,
438 3108 459 3166 si
478 3105 532 3164 tibi
549 3106 654 3165 statura
675 3107 758 3180 deest,
779 3109 976 3186 corpusculum
