2232 3714
182 231 243 298 Ι178
369 225 581 288 EPODON
620 229 787 290 LIBER.

185 354 256 414 Non
268 353 326 422 huc
337 355 436 440 Argoo
449 356 597 414 contendit
606 355 715 434 remige
725 356 819 432 pinus,

264 455 369 534 Neque
381 457 523 535 impudica
536 459 650 517 Colchis
662 458 760 518 intulit
771 457 893 534 pedenna

185 559 256 618 Non
269 559 326 619 huc
338 559 446 618 Sidonii
459 561 598 618 torserunt
610 580 715 620 cornua
728 569 831 632 nautae,

264 661 413 720 Laboriosa
424 682 477 720 nec
487 663 585 720 oohors
597 663 724 739 Ulyffei:

185 765 297 842 Jupiter
308 763 358 822 illa
368 763 424 841 piae
437 763 555 823 secrevit
565 764 661 823 littora
674 765 763 842 genti,

264 867 308 924 Ut
319 865 480 942 inquinavit
492 886 546 924 aere
556 875 668 944 tempus
680 886 797 924 aureum
803 887 815 922 a·
879 883 881 890 ’

186 967 267 1046 Ere,
287 967 390 1027 dehinc
402 968 476 1027 ferro
489 969 601 1027 dinavit
613 969 730 1040 saecula3
751 987 877 1045 quorum

263 1069 319 1129 Piis
329 1071 450 1129 secunda
463 1080 528 1129 vate
540 1090 587 1130 me
598 1071 680 1130 datur
692 1073 774 1148 fuga..

462 1469 490 1526 0
503 1469 531 1528 D
544 1469 568 1527 E
606 1470 706 1530 XVII.

469 1665 510 1704 in
532 1651 703 1706 emmiu:

422 1923 428 1934 ι
507 1889 658 1922 ΗΟΚΔῬῙΠΒό

185 1986 249 2063 Jin
259 1983 320 2061 jam
333 1983 441 2042 efficaci
454 1979 491 2041 do
503 1967 605 2044 manus
617 1985 741 2044 scientiae
746 2011 761 2058 ς

185 2085 309 2163 Supplex
320 2094 350 2143 et
362 2104 411 2142 oro
424 2105 510 2162 regna
523 2106 574 2162 per
586 2089 772 2165 Proserpinae,.
895 2141 897 2144 .

186 2192 237 2248 Per
249 2197 279 2245 et
291 2188 393 2245 Dianae
406 2205 463 2246 non
474 2185 613 2247 movenda
626 2190 758 2261 numina3

173 2343 175 2348 .
186 2293 237 2349 Per
250 2300 334 2366 atque
346 2290 431 2348 libros
444 2290 611 2362 carminum,
631 2291 792 2361 valentium

185 2394 286 2452 Refixa
299 2392 371 2450 coelo
383 2393 517 2451 devocare
530 2394 627 2466 fidera,

185 2494 315 2566 Canidia,
335 2513 418 2570 parce
429 2495 543 2552 vocibus
556 2497 673 2554 tandem
685 2496 780 2567 saona,¹

184 2597 428 2674 Citumquerctno
441 2597 525 2678 solue,
545 2599 629 2671 solve,
649 2600 801 2658 turbinem:

184 2699 280 2759 Movit
292 2710 424 2776 nepotem
436 2700 578 2776 Telephus
591 2702 743 2772 Nereium,

184 2803 220 2860 In
233 2810 318 2878 quem
332 2802 464 2878 superbus
477 2803 619 2860 ordinarat
629 2803 750 2880 agmina
810 2877 812 2881 .

183 2905 345 2980 Mysorum,
363 2904 436 2961 etin
449 2921 534 2980 quem
548 2905 604 2962 tela
618 2916 700 2962 acuta
710 2905 834 2964 torserat.

183 3007 296 3064 Luxere
309 3013 412 3066 matres
425 3006 495 3076 iliae,
516 3005 660 3064 addietum
672 2985 738 3064 fenis

182 3106 308 3166 Alitibus
321 3116 408 3183 atque
418 3107 543 3180 canibus,
563 3108 736 3182 homicidam
747 3111 912 3184 Hadaran,
