2232 3714
204 269 260 322 180
387 265 595 328 EPODON
634 271 800 332 Lusum

199 393 409 454 Perambulabis
421 397 490 454 astra
503 397 575 455 fidus
587 417 713 458 aureum.

200 495 319 554 Infamis
331 497 450 554 Helenae
463 499 561 556 Calior
570 499 693 558 offensus
706 500 810 572 visam,
837 502 840 508 '

199 597 350 674 Fraterque
363 599 460 676 magni
473 601 601 671 Castoris,
620 603 687 660 visti
700 621 792 679 prece,
845 627 847 632 ·

197 700 323 788 Ademta
335 701 394 758 vati
406 701 549 759 reddidere
561 703 679 762 lumina.

196 803 235 860 Et
247 810 289 872 tu,
308 812 387 878 potes
400 821 475 873 nam,
496 803 570 861 solve
582 825 629 862 me
641 805 798 876 dementiss;

197 903 226 961 O
238 922 291 961 nec
302 904 425 981 paternis
437 905 559 963 obsoleta
572 906 706 978 sordibus,

196 1005 228 1064 N
229 1025 261 1064 ec
273 1005 304 1063 in
317 1007 447 1083 sepulcris
459 1026 615 1083 pauperum
626 1010 748 1084 prudens
759 1027 828 1067 anua

196 1107 387 1167 Novendiales
400 1109 528 1185 dislipare
539 1109 675 1185 pulveres.
741 1085 746 1096 ι

194 1210 263 1268 Tibi
275 1210 412 1287 hospitale
423 1212 529 1286 pessus,
549 1220 578 1269 et
590 1230 668 1287 purae
681 1231 794 1284 manus3

195 1314 331 1388 Tuusque
343 1321 442 1369 venter
454 1313 644 1383 Pastumeium
664 1321 695 1370 et
707 1322 757 1370 tuo

195 1417 303 1475 Cruore
315 1418 411 1473 rubros
423 1415 556 1473 obstetrix
568 1435 676 1492 pannos
688 1417 766 1488 lavit,

194 1519 350 1594 Utcunque
362 1516 442 1575 sortis
454 1517 546 1574 exsilis
557 1517 703 1594 puerperd.

522 1713 647 1747 camma.

233 1825 313 1884 Quid
325 1825 457 1885 obseratis
470 1825 581 1884 auribus
593 1823 690 1882 fundis
701 1821 811 1901 preces?

192 1927 262 1988 Non
274 1929 341 1988 saxa
354 1928 436 1987 nudis
449 1928 572 1986 surdiora
585 1927 687 1986 navitis

191 2033 344 2108 Neptunus
356 2031 415 2088 alto
427 2030 523 2088 tundit
534 2029 667 2088 hibernus
679 2029 745 2087 salo.

190 2135 302 2194 Inultus
314 2143 348 2192 ut
361 2144 392 2191 tu
405 2131 494 2190 riseris
506 2131 635 2208 Cotyttia

189 2237 325 2313 Vulgata,
345 2235 454 2293 sacrum
466 2232 548 2292 liberi
560 2233 729 2310 Cupidinis?

189 2341 228 2399 Et
241 2338 377 2415 Esquilini
390 2335 520 2414 pontifex
532 2335 651 2393 venefici

188 2442 311 2518 Impune
322 2441 468 2498 ut'urbem
480 2436 595 2498 nomine
606 2435 732 2512 impleris
744 2436 825 2494 meo?

190 2544 269 2602 Quid
284 2543 413 2620 proderat
428 2539 524 2597 ditasse
538 2538 666 2614 Pelignas
679 2558 759 2609 anus,

190 2644 354 2703 Velociusve
367 2642 503 2700 miscuisse
517 2641 660 2697 toxicum?

111 2806 112 2810 ,
188 2751 241 2806 Sed
255 2735 375 2806 tardiora
388 2746 447 2804 sata
461 2755 490 2802 te
502 2744 573 2802 votis
586 2751 712 2800 manent.

185 2851 301 2926 Ingrata
315 2849 415 2907 misero
429 2846 487 2904 vita
500 2845 627 2928 ducenda
640 2845 688 2916 est,
707 2843 738 2902 in
752 2841 815 2916 hoc,

185 2953 217 3011 N
218 2951 276 3009 ovis
290 2961 322 3009 ut
337 2950 423 3026 usque
435 2949 563 3025 suppetas
576 2947 725 3006 laboribus.

185 3053 276 3128 Optat
287 3053 423 3127 quietem,
444 3048 551 3124 Pelopis
564 3049 646 3106 infidi
661 3059 749 3125 pater,

88 3186 90 3192 ·
186 3155 279 3230 Egens
291 3151 424 3228 benignae
435 3151 572 3208 Tantalus
585 3150 694 3227 semper
706 3150 784 3228 dapis
788 3176 797 3222 3
