2232 3714
340 239 556 302 EPODON
595 231 760 300 LIBER.
880 241 947 312 '179

152 367 300 443 Postquam
312 367 414 426 reliffls
427 369 569 427 moenibus
581 387 631 426 rex
644 367 764 445 procidit
836 371 838 375 ’
921 366 932 376 ”

153 471 235 527 Heul
256 471 406 546 pervicacis
420 471 455 528 ad
466 472 550 546 pedes
562 470 700 528 Achillei:

154 571 247 629 Setosa
260 571 336 628 duris
349 591 450 629 exuete
462 572 582 648 pellibus

153 673 295 732 Laboriofi
308 674 428 751 remiges
440 675 557 750 Ulyssei‚

153 777 276 834 Volente
290 775 381 847 Circi,
401 779 542 847 membra3
564 786 632 835 tune
645 791 734 848 mene,
754 786 783 834 et
796 777 878 852 sunus

155 878 297 954 Relapsus,
316 885 400 953 atque
413 887 496 936 notus
507 880 537 936 in
549 879 645 937 vultus
657 881 756 938 honor.

155 981 230 1039 Dedi
242 980 305 1039 satis
318 981 454 1058 superque
467 994 613 1058 poenarum
626 983 687 1054 tibi,

155 1087 261 1142 Amata
273 1085 365 1142 nautis
378 1086 511 1155 multum,
530 1094 561 1142 et
572 1085 751 1144 institoribus.

155 1187 241 1263 Fugit
250 1185 390 1262 juventas,
409 1196 439 1243 et
451 1187 624 1244 verecundus
638 1188 714 1246 color

155 1289 295 1365 Reliquit;
317 1289 372 1346 offa
385 1289 458 1364 pelle
470 1288 573 1345 ami&
585 1287 694 1345 lurida:

151 1387 225 1448 Tuis
238 1390 345 1466 capillis
358 1391 437 1448 albus
450 1390 489 1447 est
500 1390 641 1448 odoribus.

154 1495 187 1552 N
188 1491 279 1550 u'llum
292 1513 308 1550 a
320 1493 415 1550 labore
427 1505 473 1550 me
485 1491 603 1562 reclinat
616 1491 722 1550 otium:

155 1597 269 1671 Urguet
280 1595 356 1652 diem
369 1611 436 1665 nox,
457 1603 486 1652 et
499 1594 558 1652 dies
570 1595 696 1665 noetem3
718 1613 809 1671 neque
821 1597 861 1653 est

156 1699 263 1756 Levare
276 1705 354 1753 tenta
367 1695 465 1773 spiritu
478 1696 638 1772 praecordia.

155 1801 232 1876 Ergo
246 1807 382 1875 negatum
395 1796 492 1855 vincor
504 1806 537 1855 ut
550 1799 663 1856 credam
676 1799 767 1871 miser,
827 1803 830 1810 ’

156 1901 265 1960 Sabella
277 1901 373 1976 pestus
384 1900 528 1977 increpare
541 1900 674 1976 carmina,

154 2005 307 2079 Caputque
320 2001 414 2059 Marii
426 2003 539 2060 dimite
552 2003 653 2060 naeniu.

158 2105 239 2163 Quid
252 2104 372 2180 amplius
381 2104 439 2161 vis?
465 2105 493 2162 O
505 2107 597 2163 mare!
619 2105 647 2162 Ο
661 2107 747 2164 terra!
770 2109 862 2180 ardeo,

159 2209 311 2265 Quantum
323 2224 415 2282 neque
427 2216 487 2264 atro
498 2207 638 2264 delibutus
651 2209 788 2268 Hercules

158 2309 239 2368 Neffi
252 2328 358 2377 cruore,
379 2327 431 2365 nec
445 2309 544 2365 Sicani
556 2309 665 2367 fervida

157 2412 263 2470 Furens
274 2412 304 2468 iu
317 2410 409 2468 AEtni
420 2410 546 2468 flamma.
585 2412 642 2483 Tu,
655 2411 744 2470 donec
756 2412 826 2472 cinis

159 2514 301 2592 iujuriofis
316 2513 408 2571 aridus
422 2513 512 2578 ventis
525 2514 607 2582 ferar,

156 2617 241 2675 Cales
253 2616 367 2674 venenis
380 2614 493 2672 officina
506 2615 656 2673 Colchicis.

160 2721 238 2776 Quae
251 2718 331 2775 finis?
353 2726 403 2775 aut
416 2717 491 2791 quod
504 2736 551 2773 me
564 2727 660 2774 manet
673 2719 859 2795 stipendium?

160 2821 269 2878 Effare:
288 2818 372 2897 juffas
386 2838 453 2875 cum
465 2818 521 2875 fide
533 2837 630 2893 poeuas
644 2819 731 2892 luam,

162 2926 276 2986 Paratus
290 2922 411 2997 expiare,
432 2920 480 2978 seu
492 2920 649 2996 poposceris
692 2937 693 2940 ’

158 3026 287 3086 Centum
295 3022 431 3100 juvencis,
452 3023 507 3080 five
518 3022 648 3080 mendaci
660 3024 721 3100 lyru

159 3129 248 3186 Voles
259 3127 359 3199 souau',
378 3128 427 3186 Tu
436 3125 547 3201 pudica,
568 3135 600 3183 tu
612 3129 708 3203 proha,
