2250 3698
250 660 499 768 'HORATH
531 707 694 766 POETAE
723 707 853 765 VITA.

484 936 647 960 -οι-ι

181 1145 356 1222 Hormos
378 1163 721 1236 Ferccos‚Venus1nus,
745 1169 834 1239 patre,
861 1167 893 1216 ut
916 1157 974 1234 ipse

179 1281 271 1352 tradit,
292 1281 434 1353 libertin0‚
455 1299 484 1342 et
498 1286 678 1344 exaetionum
696 1284 838 1342 coattore:
863 1291 895 1337 ut
907 1281 975 1337 vero

180 1409 318 1466 creditum
337 1411 386 1482 est,
406 1411 623 1482 salsamentario,
644 1432 734 1488 quum
751 1410 794 1468 illi
808 1408 925 1485 quidam
943 1407 975 1464 in

125 1559 129 1564 ·
179 1535 357 1594 altercatione
370 1539 571 1614 exprobrasset:
595 1535 716 1596 Quoties
730 1557 784 1614 ego
795 1536 853 1594 vidi
866 1545 976 1612 patrem

180 1671 261 1719 tuum
280 1662 377 1722 cubito
398 1664 426 1722 se
445 1665 666 1741 emungentem?
696 1664 776 1721 Bello
795 1663 975 1743 Philippensi,

180 1788 286 1849 excitus
300 1787 317 1847 ἒι
329 1790 430 1847 Marco
445 1791 534 1849 Bruto
552 1789 730 1868 imperatore,
753 1790 881 1847 tribunus
901 1789 976 1857 mili,-

181 1926 241 1974 tum
259 1917 377 1975 meruit:
399 1917 536 1994 vittisque
557 1917 693 1994 partibus,
713 1917 796 1976 venit
816 1917 976 1994 impetrato,

179 2045 313 2125 scripturn
331 2044 511 2120 quaestorium
529 2045 716 2122 comparavit:
738 2064 771 2102 ac
791 2044 883 2121 primo
902 2045 976 2102 Μω-

179 2171 279 2243 cenati,
309 2170 411 2228 deinde
432 2171 562 2250 Augusto
588 2170 755 2243 infinuatus,
783 2191 841 2229 non
867 2172 976 2230 medio-

180 2319 254 2364 crem
266 2299 361 2357 ]ocum
375 2297 405 2354 in
419 2301 568 2356 amborum
590 2289 715 2356 amiciti&
729 2298 829 2355 tenuit.
869 2299 976 2357 Maece-

180 2446 228 2485 nas
248 2436 422 2504 quantopere
434 2444 510 2486 eum
526 2424 634 2494 dilexit,
656 2425 720 2484 satis
741 2425 910 2483 monstratur
926 2425 976 2484 illo

179 2555 390 2632 epigrammate,
410 2551 460 2609 ubi
472 2550 580 2627 inquit:

306 2715 324 2743 ‘⁴
334 2711 367 2757 Ni
377 2720 399 2756 te
408 2708 523 2756 visceribus
532 2709 595 2766 meis,
612 2708 700 2766 Horati,

306 2803 323 2830 “
333 2800 386 2846 Plus
394 2798 443 2860 jam
453 2799 526 2857 diligo,
543 2807 568 2842 tu
579 2807 644 2842 tuum
654 2796 748 2841 sodalem

306 2891 323 2919 “
334 2887 436 2934 Hinnulo
446 2886 517 2932 videas
527 2883 694 2944 strigosiorem.”

181 3031 234 3088 Sed
245 3030 337 3087 multo
355 3029 446 3106 magis
467 3026 608 3097 extremis,
629 3025 680 3083 tali
694 3027 729 3084 ad
742 3026 905 3102 Augustum
917 3028 975 3086 elo-

182 3157 243 3235 gio:
264 3156 378 3216 Horatii
391 3155 492 3226 Flacci,
512 3163 545 3213 ut
558 3153 624 3227 mei,
645 3153 831 3212 memoresto.
