2232 3714
103 293 107 302 ’
201 261 258 334 ¹76
386 267 601 329 EPODON
640 269 805 328 LIBER.

199 379 297 453 Quam
310 414 402 472 neque
415 397 531 456 finitimi
543 398 692 456 valuerunt
703 398 818 473 perdere
830 395 932 468 Marfi5

274 497 398 564 Minacis
410 510 459 559 aut
473 501 588 559 Etrusca
602 501 727 558 Porsenae
738 511 847 570 manus·

195 598 316 662 AEmula
329 621 382 660 nec
394 603 481 662 virtus
494 605 610 687 Capuae,
630 622 683 662 nee
697 604 843 678 Spartacus
855 621 928 672 acer,

272 703 304 760 N
305 704 419 782 ovisque
432 709 514 765 rebus
526 705 648 764 infidelis
661 706 813 775 Allobrox5

194 803 258 862 Nec
272 806 331 864 fera
344 808 465 866 coenssea
477 809 589 866 domuit
603 807 755 866 Germania
769 808 855 882 pube,

272 909 490 986 Parentibusque
504 911 681 970 abominatus
695 908 835 978 Anniba13

193 1009 286 1086 Impia
300 1013 448 1088 perdemus
460 1013 555 1072 devoti
568 1011 711 1090 sanguinis
724 1020 800 1080 aetas,

270 1113 294 1170 F
293 1113 402 1191 erisque
416 1116 509 1173 rursus
522 1115 704 1191 occupabitur
716 1114 816 1170 solum.

191 1211 329 1274 Barbarus
341 1217 411 1276 heu!
433 1217 539 1276 cineres
551 1218 656 1275 infistet
669 1216 765 1286 vietor,
785 1225 814 1273 et
826 1217 928 1276 urbem
958 1291 962 1300 ι

269 1319 362 1394 Eques
375 1321 491 1378 sonante
504 1321 662 1378 verberabit
672 1319 792 1394 ungulb:

191 1419 323 1496 Quaeque
336 1432 433 1480 carent
445 1423 535 1480 ventis
548 1431 576 1480 et
590 1422 700 1490 solibus,
722 1421 777 1478 offa
792 1420 918 1491 Quirini,

259 1524 358 1582 Nefas
370 1525 478 1582 videret
500 1523 641 1600 diffipabit
653 1523 781 1580 insolens.

189 1623 281 1696 Forte,
295 1626 365 1702 quid
377 1627 517 1702 expediat,
531 1626 729 1696 communiter,
743 1634 792 1682 aut
805 1625 905 1683 melior
914 1641 990 1702 pars,
1075 1604 1089 1628 ⁸

266 1729 354 1786 Malis
366 1748 458 1787 carere
471 1729 596 1805 quaeritis
607 1728 761 1786 laboribus:

189 1829 279 1887 Nulla
292 1831 327 1888 srt
339 1829 392 1888 hac
405 1831 498 1907 potior
510 1830 647 1890 sententia
653 1856 662 1901 5
684 1830 865 1888 Phocaeorum

266 1933 353 1989 Velut
363 1933 490 2010 profugit
501 1933 641 1994 exsecrata
654 1932 751 1990 civitas

189 2033 283 2111 Agros
297 2045 381 2111 atque
395 2037 478 2094 Lares
491 2035 603 2112 patrios,
624 2035 834 2110 habitandaque
846 2036 913 2093 fana
992 2095 996 2104 ,
1017 2113 1020 2121 1

243 2189 247 2202 ,
266 2137 351 2213 Apris
364 2137 488 2214 reliquit,
508 2148 538 2196 et
550 2138 695 2215 rapacibus
708 2138 795 2214 lupis;

188 2238 233 2296 Ire
245 2241 328 2315 pedes
342 2260 511 2316 quocunque
520 2241 622 2311 ferent,
632 2259 801 2316 quocunque
813 2259 864 2316 per
874 2242 967 2300 undas

265 2343 360 2402 Notus
372 2345 492 2416 vocabit,
513 2355 562 2403 aut
574 2355 718 2421 protervus
730 2345 855 2402 Africus.

187 2443 234 2501 Sic
246 2445 355 2521 placet?
376 2466 413 2504 an
425 2446 526 2505 melius
537 2447 599 2524 quis
612 2447 697 2505 habet
709 2447 841 2504 suadere?
862 2447 986 2507 secunda

268 2549 370 2606 Ratem
382 2567 517 2626 occupare
530 2549 599 2625 quid
612 2569 755 2608 moramur
768 2549 851 2607 alite?

188 2650 242 2707 Sed
251 2649 377 2726 juremus
390 2651 420 2709 in
433 2652 507 2709 haec:
531 2652 620 2710 Simul
632 2651 696 2710 imis
709 2652 774 2708 saxa
787 2651 913 2710 renarint

265 2754 353 2811 Vadis
365 2754 465 2824 levata,
486 2773 523 2812 ne
536 2742 625 2811 redire
639 2754 672 2811 fit
685 2754 764 2812 nefas
769 2779 777 2824 5

187 2855 256 2912 Neu
268 2855 397 2913 conversa
411 2857 529 2914 domum
544 2856 641 2932 pigeat
654 2857 719 2913 dare
733 2856 828 2927 lintea,
850 2857 963 2932 quando

266 2958 356 3014 Padus
367 2957 479 3014 Matina
492 2957 591 3015 laverit
603 2953 764 3028 cacumina

187 3057 223 3114 In
235 3077 312 3115 mare
325 3059 373 3116 seu
385 3060 473 3116 celsus
485 3060 652 3134 procurrerit
663 3061 859 3136 Appenninus,

265 3161 404 3235 Novaque
417 3161 538 3220 monstra
546 3161 674 3239 junxerit
684 3163 801 3222 libidine

1092 1735 1095 1825 i
