2232 3714
431 243 526 302 mu.
552 243 604 300 iv.
644 241 693 302 vu·
902 248 957 312 ¹³9

160 370 258 442 Mutat
272 376 343 426 terra
355 367 439 442 vices,
458 379 488 426 et
501 369 687 427 decrescentia
699 367 771 445 ripas

238 473 369 532 Flumina
385 482 571 549 praetereunt:

160 575 267 648 Gratia,
288 595 355 634 cum
368 575 513 652 Nymphis
526 575 702 652 geminisque
714 575 861 649 sororibus,¹
872 575 958 633 audet

238 680 350 737 Ducere
362 680 438 736 nuda
451 679 558 735 choros.

162 781 336 840 Immortalia
350 800 386 838 ne
400 781 499 857 speres,
519 791 618 839 monet
630 801 729 852 annus,
750 789 779 838 et
792 781 900 842 almum

240 885 315 941 Quae
328 883 401 960 rapit
414 884 481 941 hora
493 884 577 942 diem.

162 986 277 1064 Frigora
289 986 441 1044 mitescunt
454 986 602 1064 Zephyris,
622 1006 671 1044 ver
683 965 802 1063 proterit
813 987 899 1062 aestas,

239 1089 392 1148 Interitura
410 1089 492 1148 simul

162 1192 286 1250 Pomifer
299 1202 452 1250 autumnus
466 1194 561 1270 fruges
574 1193 714 1266 effuderit,
734 1201 764 1252 et
777 1213 846 1251 mox

240 1295 345 1353 Bruma
356 1296 472 1352 recurrit
486 1295 570 1354 iners.

162 1400 276 1458 Damna
289 1408 385 1456 tamen
396 1399 498 1456 celeres
511 1408 641 1475 reparant
654 1398 774 1457 coelestia
784 1399 873 1456 lunae:

240 1503 302 1559 Nos
315 1501 365 1559 uhi
376 1501 541 1572 decidimus,

162 1605 232 1664 Ouo
245 1605 308 1681 pius
321 1606 438 1674 AEneas,
458 1625 516 1679 quo
527 1602 603 1661 dives
614 1604 725 1676 Tullus,
747 1611 775 1661 et
788 1605 896 1678 Ancus,

241 1708 333 1766 Pulvis
346 1717 375 1764 et
388 1710 487 1765 umbra
498 1707 602 1764 sumus.

165 1812 239 1882 Quis
252 1811 304 1867 scit
315 1831 351 1867 an
364 1809 498 1886 adjiciant
511 1809 654 1868 hodiemae
667 1809 783 1868 crastina
797 1809 914 1868 summae

241 1915 383 1988 Tempora
396 1913 426 1969 dl
439 1913 550 1990 superi?

165 2017 276 2076 Cundta
287 2035 388 2073 manus
401 2015 495 2072 avidas
508 2015 620 2091 fugient
631 2015 758 2088 haeredis,
780 2015 872 2073 amico

245 2120 320 2175 Quae
334 2117 442 2176 dederis
455 2118 559 2175 animo,

163 2223 242 2280 Cum
252 2221 338 2278 semel
351 2219 493 2290 occideris,
513 2221 588 2278 etde
602 2230 630 2278 te
640 2221 786 2296 splendida
799 2220 896 2279 Minos

244 2322 353 2381 Fecerit
366 2323 494 2394 arbitria,

166 2428 245 2498 Non,
265 2427 418 2502 Torquate,
441 2444 538 2502 genus,
559 2444 618 2482 non
631 2425 812 2496 tefaeundia,
834 2444 891 2484 non
906 2436 935 2484 te

245 2528 382 2586 Restituet
392 2527 492 2604 pietas:

167 2630 289 2702 Inferius
302 2648 395 2706 neque
407 2629 486 2694 enim
497 2629 619 2690 tenebris
631 2629 724 2688 Diana
737 2629 873 2706 pudicum

245 2734 361 2792 Liberat
370 2731 574 2810 Hippolytums

168 2839 233 2913 Nec
245 2837 360 2896 Lethaea
374 2836 450 2894 valet
461 2836 587 2894 Theseus
597 2837 765 2912 abrumpere
776 2835 867 2902 charo-

246 2939 369 3012 Vincula
382 2937 515 3011 Pirithoo,
