2250 3698
351 225 383 288 ’.
421 233 513 291 LIB.
541 234 564 290 Ι.
604 232 662 291 xvi.

129 360 230 418 Quem
242 366 284 429 tu,
307 377 405 416 cervus
415 359 459 416 uti
472 359 551 418 vallis
564 358 595 417 in
606 359 693 418 altem

127 461 233 520 Visum
246 471 327 538 parte
340 459 441 537 lupum
454 461 588 538 graminis
598 462 757 533 innnemor,

128 563 254 622 Sublimi
267 563 361 640 fugies
374 562 466 621 mollis
479 563 616 635 anhelitu,

168 668 241 724 Non
253 667 309 722 hoc
323 665 465 742 pollicitus
479 675 544 724 tuae.

129 870 273 927 iracunda
286 869 364 928 diem
376 839 499 947 proferet
510 869 573 940 Ilio,

131 967 330 1048 Matronisque
341 973 497 1048 Phrygum,
514 971 602 1030 clanis
614 971 748 1033 Achillei.
797 1029 799 1035 ,

131 1074 196 1132 1³0st
207 1084 297 1132 certas
310 1074 417 1132 hiemes
427 1083 491 1132 uret
502 1074 645 1134 Achaicus

173 1177 251 1254 Ignis
265 1177 366 1236 Iliacas
379 1178 485 1236 domos.

394 1431 529 1524 'ons
567 1465 648 1524 xvi.

433 1639 621 1678 PALINODIA.

136 1799 177 1856 O!
199 1800 316 1857 Murus
331 1801 448 1876 pulchro
461 1799 519 1858 filia
532 1800 685 1877 pulchrior,

136 1901 231 1959 Quem
242 1901 397 1960 criminosis
409 1900 522 1979 cunque
531 1904 609 1961 voles
620 1906 739 1962 modum

173 2006 261 2062 Pones
273 2005 389 2076 iambis5
411 2006 467 2062 sive
480 2005 606 2076 flamme,

197 2108 275 2164 ‘Sive
287 2107 359 2166 mari
371 2108 441 2167 libet
453 2107 608 2166 Hadriano.

134 2311 165 2368 N
166 2330 202 2368 on
215 2313 408 2388 Dindymene,
429 2332 487 2370 non
499 2312 590 2389 adytis
602 2313 696 2389 quatit

135 2413 265 2471 Mentem
277 2413 454 2472 sacerdotum
465 2414 558 2472 incola
570 2415 697 2490 Pythius,

169 2517 240 2574 Non
253 2516 339 2574 Liber
351 2527 441 2592 aeque,
462 2536 519 2575 non
533 2525 619 2574 acuta

210 2619 256 2676 Sic
267 2619 415 2696 geminant
426 2619 601 2696 Corybantes
613 2638 677 2689 aera,

132 2822 235 2881 Tristes
244 2832 279 2882 ut
290 2823 353 2881 irae:
376 2843 445 2901 quas
457 2844 549 2901 neque
561 2823 686 2882 Noricus

131 2925 264 2984 Deterret
275 2927 355 2998 ensis,
377 2947 429 2988 noc
439 2947 517 2986 mare
528 2926 708 3002 naufragum,

168 3029 235 3086 Neo
247 3029 334 3087 saevus
346 3029 430 3106 ignis
453 3049 505 3088 nee
517 3029 666 3088 tremendo

210 3129 322 3208 Jupiter
332 3131 391 3208 ipse
401 3151 485 3192 ruens
497 3133 633 3193 tumultu.
