2250 3698
350 269 447 330 LIB.
476 272 500 330 Ι.
540 272 638 330 xxviii.
881 278 917 330 33

102 399 185 458 Quae
198 396 280 476 sagag
299 397 362 475 quis
375 407 405 456 to
414 398 519 457 solvere
531 396 669 456 Thessalis

102 503 218 578 Magus
231 500 358 572 venenis,
379 499 441 577 quit
452 499 556 576 poterit
568 501 653 558 deus?

143 605 208 664 Vax
221 603 369 681 illigatum
381 613 410 660 te
421 602 543 660 triformi

182 707 309 786 Pegasus
321 705 454 783 expediet
465 704 618 764 Chimera.

366 1027 434 1087 OD
448 1028 472 1086 E
501 1027 641 1086 XXVIII.

99 1231 150 1292 ΤΕ
164 1231 254 1291 marin
266 1241 297 1292 et
309 1241 390 1292 terrae
403 1251 579 1311 numeroque
589 1231 708 1292 carentis
721 1249 812 1293 arena!

144 1334 315 1394 Mensorem
327 1334 471 1407 cohibent,
491 1336 630 1413 Archyta,

106 1435 236 1497 Pulveris
250 1435 348 1514 exigui
354 1449 447 1514 'prope
458 1438 538 1496 littus
551 1457 636 1514 parva
649 1437 797 1497 Matinum

145 1541 289 1598 Munera:
309 1559 364 1598 nec
376 1539 534 1616 quidquam
544 1539 597 1597 tibi
609 1541 720 1616 prodest

107 1643 214 1703 Aerias
225 1641 344 1701 tentasse
357 1643 465 1712 domos,
485 1641 638 1718 animoque
649 1643 805 1701 rotundrun
891 1627 895 1640 ’

146 1743 317 1804 Peromitse
332 1744 440 1822 polum,
461 1743 607 1804 morituro.

106 1843 229 1906 Oo'eidit
240 1853 272 1904 et
283 1845 392 1923 Pelopis
405 1846 526 1924 genitor,
546 1847 664 1907 conviva
677 1850 808 1920 duonum

146 1949 349 2025 Tithonusque
361 1957 486 2008 remotus
497 1949 528 2006 in
541 1967 629 2021 auras,

108 2055 149 2113 Et
160 2053 237 2131 Jovis
251 2051 358 2110 arcanis
370 2051 468 2109 Minos
480 2049 626 2110 admiffus:
649 2052 811 2130 habentque

148 2157 268 2214 Tartara
279 2153 465 2225 Panthoiden,
485 2153 589 2211 iterum
604 2173 670 2213 orco

107 2258 272 2318 Demiffum
278 2281 286 2327 ς
308 2251 446 2332 quamvis,
453 2255 548 2333 clipeo
559 2256 683 2334 Trojana
695 2257 786 2316 refixo
832 2335 834 2342 y

149 2361 293 2437 Tempora
305 2359 430 2440 testatus?
450 2357 523 2416 nihil
535 2359 610 2417 ultra

106 2463 221 2522 Nervos
233 2471 320 2538 atque
331 2470 428 2519 cutem
438 2461 524 2519 morti
536 2461 706 2520 ooncefferat
719 2471 801 2534 atrae3

150 2562 252 2643 Judice
262 2576 301 2635 te,
323 2582 381 2621 non
394 2563 520 2622 sordidus
533 2563 631 2622 audior

109 2668 232 2726 Naturae
243 2665 368 2742 verique.
410 2665 464 2722 Sed
475 2685 573 2724 omnes
585 2685 642 2725 una
654 2677 752 2726 manet
764 2687 830 2740 nox,

149 2771 189 2828 Et
199 2769 335 2828 calcanda
347 2767 432 2826 semel
445 2766 490 2826 via
500 2768 560 2826 leti.

111 2867 192 2930 Dant
205 2870 274 2929 ahos
284 2869 375 2928 Furiae
388 2852 468 2927 torvo
483 2869 640 2948 spetiacula
651 2871 755 2931 Marti:

151 2971 249 3030 Exitio
262 2971 302 3029 est
314 2971 430 3030 avidum
441 2991 519 3030 mare
532 2974 634 3032 nautis.

111 3075 201 3135 Mista
210 3057 499 3151 senumao'juvenurn
509 3075 662 3136 densentur
671 3077 784 3138 funem
800 3079 912 3141 nullum

153 3177 232 3238 Saeva
243 3184 330 3255 caput
340 3175 502 3255 Proserpina
514 3177 599 3258 fugit.

505 3297 527 3336 n
