2250 3698
415 219 507 286 LIB.
537 218 591 286 tn.
631 218 672 286 nt

168 354 203 408 In
216 359 296 428 parte
308 361 447 430 regnanto
459 355 548 412 beati:

205 455 287 511 Dum
299 456 403 512 Priami
416 457 577 532 Paridisque
588 457 668 514 busto

128 658 249 716 Insultet
261 668 433 732 armentum,
454 668 484 717 et
494 661 602 718 catulos
615 661 682 720 ferae

128 760 232 818 Celent
242 761 357 832 inultoe3
378 763 429 820 stet
439 763 615 839 Capitolium

165 864 298 940 Fulgens‚
319 857 556 942 triumphatisque
571 866 656 941 potiit

205 967 298 1024 Roma
312 966 392 1025 ferox
405 968 470 1038 dare
479 966 544 1043 jura
557 967 660 1026 Medii.

126 1172 276 1230 Horrenda
288 1173 345 1231 late
358 1192 463 1231 nornen
476 1174 507 1230 in
519 1172 633 1232 ultimas

125 1275 269 1332 Extendat
280 1294 341 1332 oras
347 1300 356 1347 5
377 1276 434 1351 qud
445 1275 554 1334 medius
566 1276 658 1352 liquor

164 1375 291 1434 Secernit
301 1379 433 1454 Europen
444 1381 480 1436 ab
492 1369 566 1436 Afro
571 1400 580 1450 3

204 1479 272 1536 uua
285 1479 410 1537 tumidus
422 1480 497 1556 rigat
509 1493 574 1538 arva
587 1480 686 1538 Nilus:

126 1684 240 1742 Aurum
252 1685 436 1761 inrepertum,
457 1694 486 1743 et
499 1685 536 1742 src
548 1686 649 1744 melius
662 1686 746 1746 situm

125 1786 201 1844 Cum
214 1796 287 1844 terra
299 1789 380 1858 celat,
401 1789 530 1864 spernere
542 1788 651 1859 fortior,

164 1890 264 1947 Quam
277 1909 377 1966 cogere
389 1890 529 1947 humanos
541 1890 572 1946 in
584 1890 650 1947 usus

202 1991 299 2049 Omne
312 1991 422 2050 sacrum
432 1991 560 2067 rapiente
572 1992 680 2049 dextra.

124 2195 300 2271 Quicunque
314 2192 421 2253 mundo
433 2195 571 2252 terminus
583 2196 697 2265 obstitit,

123 2299 212 2356 Hunc
226 2281 326 2374 tangat
339 2297 438 2368 armis3
459 2297 546 2354 visere
561 2298 680 2374 gestiens

162 2399 231 2457 Qua
244 2408 325 2476 parte
337 2400 546 2458 debacchentur
558 2400 648 2476 ignes,

201 2501 269 2559 Qua
283 2502 394 2559 nebulae
406 2501 551 2579 pluviique
564 2520 647 2559 rores.

121 2708 178 2764 Sed
189 2707 328 2766 bellicofia
340 2707 400 2764 fata
414 2706 575 2764 Quiritibus

120 2811 187 2868 Hae
200 2811 265 2886 lege
277 2808 351 2880 dica,
372 2827 410 2865 ne
422 2807 544 2864 nimium
560 2806 609 2883 pii,

161 2914 316 2986 Rebusque
326 2911 454 2982 fidentes,
475 2909 558 2967 avitae

199 3014 290 3072 Teua
301 3013 392 3100 uelint
404 3029 530 3088 reparare
541 3011 635 3068 Troiae
650 3017 652 3022 ’

514 3131 533 3168 G
558 3125 564 3140 .
