2232 3714
401 265 604 325 EPODON
632 264 787 323 LIBER.
916 268 971 332 157

172 389 332 470 Forumque
344 390 424 464 vitat,
446 399 472 451 u
484 393 602 471 superba
614 392 721 454 civium

211 495 407 554 Potentiorum
419 495 528 554 lintina.
562 541 563 544 ,

172 597 248 674 Ergo
259 607 310 656 aut
321 599 418 656 adulta
429 597 534 657 vitium
545 598 700 676 propagine

211 703 294 761 Altas
306 703 422 762 maritat
433 704 562 780 populos,

173 804 347 881 Inutilesque
360 805 432 863 falce
444 825 535 864 ramos
548 814 706 882 amputans,

211 907 360 966 Feliciores
372 907 468 967 inserit
474 933 482 980 3

172 1011 236 1068 Aut
246 1010 278 1068 in
293 1011 407 1070 rennes
419 1011 493 1070 valle
505 1007 706 1087 mugientium

149 1158 153 1163 .
185 1103 187 1108 ’
210 1111 370 1190 Prospectat
382 1123 505 1172 errantes
519 1133 617 1190 greges
623 1137 631 1186 ς

172 1217 235 1274 Aut
245 1217 335 1293 prelia
346 1217 422 1294 puris
432 1216 521 1274 mella
534 1215 632 1274 condit
645 1214 801 1292 amphon‘s3

210 1320 273 1377 Aut
286 1320 385 1378 tondet
396 1319 522 1376 infirmas
538 1337 617 1376 oves:
663 1319 666 1326 ’

172 1422 236 1494 Vel,
259 1442 327 1480 cum
348 1424 482 1480 decomm
494 1419 611 1480 mitibus
624 1420 716 1498 pomis
735 1429 820 1496 caput

210 1505 377 1584 Autumnus
390 1524 464 1603 agris
476 1523 589 1594 extulit,

172 1627 216 1686 Ut
227 1627 332 1705 gaudet
343 1626 456 1685 insitiva
469 1628 619 1704 decerpens
631 1643 710 1703 pyra,

211 1731 377 1789 Certantem
388 1738 419 1788 et
428 1749 516 1788 uvam
527 1743 668 1806 purpurae,

173 1833 241 1893 Qua
252 1843 417 1894 muneretur
428 1841 467 1905 te,
487 1832 594 1910 Priape,
614 1842 644 1892 et
656 1842 694 1903 te,
714 1841 794 1908 pater

211 1938 340 2015 sylvane,
360 1945 438 1994 tutor
451 1935 567 1994 finium!

173 2040 256 2099 Libet
265 2039 358 2118 jacere
371 2039 456 2098 modo
466 2039 518 2097 sub
531 2039 648 2117 antiqua
661 2038 733 2110 ilice,

210 2137 307 2202 Modo'
315 2144 346 2200 in
360 2142 454 2202 tenaci
467 2143 604 2220 gramine.

172 2245 320 2305 Labuntur
332 2244 395 2303 altis
408 2245 523 2330 interim
535 2245 602 2322 ripis
615 2264 708 2323 aquae3

211 2351 381 2408 Queruntur
390 2348 422 2406 in
434 2347 508 2406 filvis
520 2367 583 2406 aves
588 2372 597 2420 3

173 2452 350 2527 Frondesque
363 2451 488 2529 lymphis
501 2451 663 2529 obstrepunt
676 2453 866 2524 manantibus,
930 2507 933 2514 .

212 2555 330 2613 Somnos
342 2555 419 2631 quod
431 2553 534 2612 invitet
544 2555 627 2612 leves.

141 2715 144 2722 ,
173 2662 224 2728 At,
245 2676 312 2717 cum
324 2655 448 2715 tonantis
461 2675 551 2714 annus
562 2656 695 2716 bibemus
708 2659 785 2735 Jovis

212 2762 320 2823 Imbres
333 2759 467 2836 nivesque
480 2766 633 2837 comparat,

173 2864 236 2922 Aut
246 2863 337 2922 trudit
349 2881 424 2922 acres
436 2861 503 2920 hinc
516 2871 546 2920 et
557 2861 625 2920 hinc
637 2862 729 2924 multb
744 2883 814 2922 cane

174 2961 177 2967 ’
211 2965 305 3043 Apros
317 2965 349 3022 in
360 2963 622 3057 obstantesplagam

175 3067 237 3126 Aut
250 3067 337 3126 amite
348 3067 478 3126 levi-rara
490 3067 582 3126 tendit
595 3067 676 3140 retia,

212 3168 316 3230 Turdis
328 3169 461 3231 edacibus
472 3167 565 3244 dolon
