2232 3714
166 237 224 302 172
355 191 569 298 rronou
608 239 772 300 mnan

547 437 567 488 0

457 564 564 622 ODE
602 567 671 623 XII.

167 759 258 818 Quin
271 759 325 820 tibi
337 763 388 834 vis,
405 765 516 836 mulier,
530 766 620 844 nigris
633 767 794 845 dignissima
806 765 913 824 barris?

244 865 366 924 Munera
380 868 449 942 quid
462 869 543 940 mihi,
563 871 669 946 quidve
682 873 799 930 tabellas

166 966 270 1038 Mittis,
284 987 337 1026 noc
350 969 439 1027 firmo.
442 969 550 1046 juveni,
571 992 663 1049 neque
677 973 751 1031 naris
761 973 869 1032 obesae?

243 1071 378 1147 Namque
391 1073 516 1149 sagacius
528 1095 603 1132 unus
614 1077 716 1135 odoror

167 1171 297 1248 Polypus,
317 1192 354 1230 an
367 1174 460 1250 gravis
472 1175 586 1234 hirsutis
597 1180 684 1235 cubet
696 1178 791 1236 hircus
803 1176 835 1234 in
848 1175 908 1250 alis,

246 1275 345 1332 Quam
358 1276 434 1334 canis
447 1296 511 1336 acer
523 1279 573 1336 ubi
587 1280 674 1336 lateat
686 1280 740 1337 sus.

167 1374 230 1435 Qui
241 1377 325 1434 sudor
337 1377 428 1447 vietis,
448 1387 477 1436 et
490 1400 578 1456 quam
590 1383 681 1439 malus
693 1382 821 1458 undique
833 1381 972 1440 membris

245 1478 353 1536 Crescit
365 1481 447 1537 odor!
469 1500 536 1539 cum
546 1501 619 1557 pene
631 1483 724 1541 soluto

167 1581 341 1639 Indomitam
353 1592 484 1658 properat
496 1583 604 1642 rabiem
616 1585 726 1656 sedare3
752 1605 803 1643 nec
816 1585 858 1645 illi

245 1685 311 1760 Jam
323 1694 420 1741 manet
432 1685 549 1742 humida
563 1697 648 1757 creta,
668 1688 802 1763 colorque

168 1787 294 1844 Stercore
308 1786 419 1844 fucatus
432 1787 578 1858 crocodili5
597 1787 714 1864 jamque
727 1789 852 1846 subando

245 1889 338 1946 Teuta
351 1888 465 1958 cubilia,
486 1889 615 1964 tectaque
628 1891 749 1967 rumpit;

166 1991 225 2050 Vel
238 2009 302 2048 mea
316 2010 382 2047 cum
396 1991 474 2048 saevis
487 1991 577 2067 agitat
590 1992 700 2050 fastidia
713 1993 819 2064 verbis3

248 2094 366 2152 Inachia
378 2095 496 2172 langues
508 2094 613 2166 minus,
634 2114 666 2153 ac
679 2115 740 2154 me:

168 2197 317 2255 Inachiam
330 2205 373 2254 ter
385 2197 467 2255 noae
479 2205 557 2272 potes
563 2221 572 2268 3
594 2196 666 2254 mibi
679 2197 788 2275 semper
801 2199 837 2256 ad
849 2218 941 2258 unum

230 2279 232 2285 ,
247 2298 345 2357 Mollis
359 2318 441 2375 opus:
463 2308 560 2375 pereat
572 2299 655 2370 male,
670 2318 734 2375 quae
749 2309 777 2359 te

170 2400 281 2472 lesbia,
301 2401 439 2476 quaerenti
452 2410 574 2471 taurum,
594 2402 758 2460 monstravit
769 2403 890 2462 inertem
895 2428 905 2476 3

249 2507 326 2564 Cum
338 2505 410 2562 mihi
423 2506 500 2562 Cous
512 2504 615 2563 adeffet
626 2508 777 2583 Amyntas,

171 2607 260 2686 Cujus
271 2608 302 2665 in
314 2607 454 2665 indomito
467 2608 636 2665 constantior
648 2609 768 2686 inguine
781 2630 892 2682 nervus,

250 2713 348 2770 Quam
359 2691 434 2767 nova
447 2710 565 2768 collibus
579 2713 660 2769 arbor
672 2711 802 2771 inhaeret.

171 2813 330 2874 Muricibua
342 2812 436 2889 Tyriis
448 2811 556 2869 iteratae
569 2813 672 2871 vellera
682 2815 755 2871 lanae

250 2913 305 2973 Cui
319 2916 555 2990 properabantur?
577 2915 630 2972 tibi
644 2935 756 2993 nempe,

169 3019 218 3078 Ne
230 3018 304 3076 foret
316 3016 436 3092 aequales
448 3016 523 3073 inter
535 3017 661 3088 conviva,
682 3019 772 3096 magis
786 3038 873 3097 quem

247 3119 387 3196 Diligeret
400 3119 502 3176 mulier
514 3119 562 3177 sua
576 3139 663 3196 quarn
676 3131 712 3180 te.
