2232 3714
351 267 401 324 LI
411 269 443 325 B.
474 269 528 326 III.
568 267 656 327 xxvii.

118 394 171 450 Sed
180 379 261 452 ‘vides
273 404 380 470 quanto
393 397 514 474 trepidet
527 398 654 455 tumultu
743 402 749 416 ’

116 497 221 554 Pronus
235 497 343 554 Orion?
364 517 418 575 ego
431 500 500 574 quid
514 500 548 556 fit
561 509 620 557 ater

115 597 211 656 Adriae
224 597 290 656 novi
305 599 392 670 finus3
413 610 442 657 et
455 601 524 676 quid
537 601 615 658 albus

270 703 370 761 Peccet
381 705 480 780 Iapyx.

118 904 250 965 Hostium
263 925 372 977 uxores,
392 908 537 984 puerique,
558 927 644 966 eaecos

117 1008 245 1066 Sentiaut
257 1019 351 1066 motus
364 1009 478 1067 orientis
489 1011 584 1068 Austri
589 1035 598 1082 3
619 1019 649 1068 et

116 1111 252 1188 AEquoris
263 1112 337 1188 nigri
350 1113 506 1184 fremitum,
527 1122 556 1190 et
569 1120 720 1172 trementes

269 1199 395 1274 Verbere
404 1217 485 1294 ripas,

118 1421 162 1480 Sic
175 1430 205 1479 et
218 1423 328 1498 Europe
340 1422 455 1480 niveum
468 1422 563 1479 doloso
590 1425 594 1433 '

116 1524 245 1583 Credidit
258 1533 338 1582 tauro
351 1526 438 1595 latus3
460 1534 490 1581 at
502 1525 657 1588 scatentem

115 1629 207 1688 Beluis
220 1637 350 1705 pontum,
371 1628 533 1704 mediasque
545 1629 664 1700 fraudes,

269 1730 373 1790 Palluit
391 1713 492 1788 audiui.

115 1937 215 2014 Nuper
226 1935 258 1994 in
270 1935 356 2012 pratis
369 1935 487 1994 studiosa
499 1935 611 2006 florum,
632 1946 662 1994 et

115 2039 228 2100 Debitae
239 2038 384 2115 Nymphis
397 2038 492 2113 opifex
506 2057 623 2109 corouae,

115 2141 208 2202 Noue
220 2139 349 2200 sublustri
361 2139 433 2197 nihil
446 2139 515 2197 astra
525 2149 625 2216 praeter

269 2243 360 2314 Vidit,
380 2250 410 2300 et
422 2242 520 2300 undas.

81 2467 82 2472 ¹
115 2446 190 2503 Quae
203 2444 285 2503 firnul
299 2451 416 2502 centum
429 2443 524 2520 tetigit
536 2451 682 2521 potentem

115 2547 236 2624 Oppidis
250 2549 368 2617 Creteu3
392 2549 472 2604 Pater
487 2547 524 2617 Ο,
545 2547 676 2606 relidum

114 2649 194 2714 Filiae
207 2669 325 2732 nomeu,t
335 2649 495 2726 pietasque,
515 2649 596 2722 dixit,

269 2751 353 2809 Vitta
366 2751 476 2809 furore:

9 2945 11 2974 ⁸
112 2957 215 3015 Unde?
238 2975 295 3032 quo
307 2956 388 3013 veui?
410 2956 478 3013 levis
490 2974 546 3012 una
559 2976 633 3014 mors
643 2959 683 3030 est

113 3061 269 3139 Virginum
281 3060 380 3136 culpae.
420 3059 585 3136 Vigilausne
597 3061 676 3137 ploro
