2232 3714
217 325 272 374 132
456 317 766 389 CARMINUM,

213 443 335 502 Dextras
346 445 483 514 obarmet,
504 463 628 520 quaerere
640 445 751 515 distuli,

214 547 279 604 Nec
292 546 360 604 scire
372 547 415 603 fas
428 548 467 604 est
479 547 589 604 omnia:
611 547 660 604 sod
673 546 723 608 diu

254 650 382 724 Lathue
394 648 519 706 viunees
534 658 662 719 catervae‚

294 751 425 808 Confil'ris
432 749 544 826 juvenis
554 751 689 826 repreffae‚

219 953 341 1023 Sensere,
362 952 431 1027 quid
443 971 523 1010 mens
535 952 599 1022 n‘te,
619 953 689 1028 quid
700 953 818 1025 indoles,

220 1053 339 1112 Nutn'ta
350 1053 445 1110 faustis
457 1053 509 1110 sub
520 1055 720 1134 penetralibus,

260 1155 362 1225 Portet,
384 1155 453 1230 quid
467 1156 589 1232 Augusti
600 1160 743 1233 paternus

300 1258 335 1314 ln
347 1277 447 1334 pueros
461 1257 572 1316 animus
584 1259 720 1316 Nerones.
839 1286 842 1297 ·

223 1461 319 1519 Fortes
331 1469 461 1519 creantur
471 1461 603 1534 fortibus3
624 1471 654 1520 et
666 1462 748 1521 bonis

224 1563 272 1622 Est
283 1564 314 1620 in
322 1561 459 1639 juvencis
479 1564 562 1621 estin
579 1565 667 1642 equis,
686 1574 800 1641 patrum

264 1667 376 1737 Virtus,
398 1685 451 1724 nec
463 1667 608 1724 imbellem
620 1668 726 1726 feroces

305 1771 494 1847 Progenerant
506 1770 608 1845 aquilae
620 1771 795 1828 columbam:

230 1975 365 2036 Doerina
375 1976 423 2034 sed
433 1976 493 2033 vim
504 1985 651 2052 promovet
663 1976 786 2048 inlitam,

231 2080 367 2156 Roffique
379 2079 471 2136 cultus
483 2078 595 2154 pectora
604 2080 754 2164 roborant:

270 2183 426 2258 Utcunque
438 2181 565 2238 defecere
576 2199 677 2252 mores,

311 2285 479 2343 lndecorant
492 2285 563 2341 bene
576 2292 642 2341 nata
654 2282 753 2360 culpae.

236 2487 316 2545 Ouid
328 2487 437 2557 debeas,
457 2485 486 2544 O
499 2487 599 2556 Roma,
618 2485 791 2557 Neronibus,

234 2590 324 2650 Testis
335 2591 500 2648 Metaurum
515 2588 633 2672 flumen,
653 2597 683 2646 et
694 2587 835 2647 Asdrubal

275 2693 418 2764 Devictus,
438 2699 468 2749 et
477 2691 595 2768 pulcher
604 2691 710 2769 fugatis

315 2796 368 2854 Ille
380 2795 438 2853 dies
451 2795 535 2852 Latio
547 2793 676 2865 tenebn's,

240 2999 303 3060 Qui
314 2997 421 3077 pfimus
433 2999 508 3058 almd
519 2999 580 3057 rifit
592 2999 702 3069 adored,

241 3101 327 3164 Dirus
338 3121 389 3181 per
399 3104 482 3162 urbes
495 3101 566 3162 Afer
578 3109 612 3160 ut
623 3100 718 3172 Italas,
