2232 3714
158 273 213 334 126
395 279 710 350 CARMINUM,

154 402 193 460 Et
203 409 320 460 centum
334 421 404 480 puer
417 405 532 475 artium,

193 505 265 562 Late
277 505 355 582 fignn
367 507 439 565 feret
451 508 562 566 militiae
576 517 642 566 tuae.

155 607 202 677 Et,
222 609 391 684 quandoque
404 610 546 686 potentior
670 607 674 616 '

195 708 282 786 Largi
294 711 458 769 muneribus
469 711 559 769 riserit
571 711 677 782 aemuli,

155 811 282 870 Albanos
293 831 379 888 prope
391 822 420 870 te
432 812 509 871 lacus

194 914 284 971 Ponet
295 933 491 985 marmoream,
512 915 563 973 sub
576 919 655 974 trabe
667 915 762 972 citrei.

101 1042 103 1048 ¹
156 1015 221 1074 Illic
232 1015 355 1093 plurima
367 1017 481 1074 naribus

195 1118 290 1176 Duoes
304 1129 376 1190 tura,
396 1119 514 1196 lyrique
525 1129 555 1177 et
568 1119 734 1196 Berecyntia

157 1221 340 1280 Deleiiiabere
353 1220 432 1290 tibin,

196 1325 287 1382 Miffis
298 1324 479 1396 carminibus,
500 1344 558 1382 non
573 1325 631 1382 fine
643 1324 744 1382 fistuli.

157 1426 221 1486 illic
234 1426 276 1484 bis
288 1426 367 1502 pueri
379 1426 425 1508 die

197 1530 316 1588 Numen
329 1549 396 1586 cum
408 1528 512 1587 teneris
523 1528 681 1606 virginibus
695 1538 778 1586 tumn

159 1631 328 1702 laudantes,
348 1633 419 1708 pede
430 1631 559 1701 candido,

199 1735 233 1793 In
246 1752 354 1791 morem
367 1733 483 1804 Salium,
505 1741 547 1790 ter
559 1733 687 1808 quatient
700 1733 830 1791 humum.

159 1837 211 1896 Me
224 1855 276 1896 nec
288 1836 415 1906 foemina,
436 1855 488 1894 nec
499 1855 569 1912 puer

198 1942 273 2017 Jam,
293 1957 346 1998 nec
358 1939 418 2015 spes
430 1937 518 1995 animi
529 1938 641 1996 credula
654 1939 757 2010 mutui,

160 2041 224 2102 Nec
236 2050 342 2098 certare
351 2038 433 2116 juvat
445 2058 531 2110 mero,

199 2143 264 2201 Nec
275 2143 381 2200 vincire
393 2141 472 2200 novis
485 2151 611 2218 tempora
624 2141 750 2202 floribus.

161 2247 216 2306 sed
229 2266 288 2317 cur,
308 2245 377 2304 heui
400 2244 545 2320 Ligurine,
565 2264 615 2302 cur

201 2351 303 2408 Manat
316 2367 376 2406 rara
389 2366 464 2406 meas
477 2347 601 2422 lacryma
613 2365 664 2423 per
676 2349 777 2423 genas?

163 2453 224 2512 Cur
236 2450 357 2509 facunda
369 2469 469 2526 parum
482 2449 583 2506 decoro

203 2557 281 2613 Inter
293 2554 378 2612 verba
390 2551 466 2610 cadit
478 2551 576 2627 lingua
589 2551 715 2608 silentio?

163 2655 317 2720 Noiiumis
330 2673 383 2730 ego
396 2653 510 2710 somniis

203 2760 269 2837 Jam
281 2766 396 2834 captum
409 2764 502 2826 teneo,
519 2752 580 2834 jam
592 2756 735 2814 volucrem
748 2755 847 2832 sequor
869 2752 872 2762 '

161 2863 270 2938 ‘seper
282 2859 409 2937 gramina
423 2857 523 2916 Martii

203 2963 320 3039 Campi;
342 2973 370 3020 te
382 2981 432 3038 per
443 2980 537 3036 aquas,
558 2961 635 3032 dure,
655 2960 799 3019 volubiles.
